4460 6306
550 581 594 654 20
1085 605 1250 657 0100011111
1274 609 1471 657 1010001000

548 820 649 900 done
676 821 713 899 0]
742 821 882 900 Priore
910 818 955 926 [l]
985 821 1009 900 il
1040 821 1193 902 residuo
1222 823 1430 902 medesimo
1460 823 1574 900 libere
1601 833 1637 899 et
1664 823 1747 899 sine
1779 823 1870 900 nitio
1891 845 1990 923 pra-

547 967 675 1042 vitatis
702 989 792 1042 cnm
813 966 1059 1067 plenitudine
1079 967 1188 1057 iaris,
1209 960 1409 1069 larnqiearn
1433 968 1698 1044 benemerenti.
1719 965 1752 1044 Il
1767 966 1887 1044 ‘fondo
1918 965 1994 1043 del·

546 1107 655 1188 l'etto
689 1108 820 1212 quindi
848 1109 1070 1218 racchiude,
1088 1135 1159 1213 per
1185 1111 1314 1189 buona
1340 1113 1464 1214 parte,
1484 1134 1561 1189 uno
1588 1108 1797 1188 donatione
1826 1109 1902 1213 pie,
1922 1134 1994 1212 per

548 1251 619 1330 dor
646 1252 753 1331 forna
781 1251 858 1330 ella
885 1251 996 1356 quale
1016 1251 1148 1331 Pietro
1177 1277 1277 1356 pone
1305 1279 1329 1331 a
1361 1253 1445 1332 suoi
1473 1251 1688 1331 fideiussori
1707 1253 1841 1330 Pietro
1860 1277 1882 1330 e
1902 1251 1993 1332 Gui-

547 1394 659 1472 docio
696 1393 863 1488 Combe,
896 1394 1093 1475 Giovenni
1130 1397 1344 1490 Avertam,
1383 1395 1576 1476 Giovenni
1612 1395 1874 1491 Marchisono,
1908 1395 1991 1474 Ro·

546 1539 655 1643 giero
684 1541 948 1635 Scotteretica,
978 1539 1182 1618 Andreae
1211 1540 1362 1633 Nicola,
1390 1565 1424 1633 0,
1445 1540 1531 1644 pria
1559 1539 1596 1617 di
1625 1540 1760 1643 questi,
1779 1539 1818 1617 le
1850 1537 1992 1643 moglie

547 1681 806 1778 Pandulfelle,
844 1708 914 1787 per
954 1682 994 1761 la
1029 1683 1090 1760 cui
1123 1683 1367 1765 fideiussione
1409 1684 1521 1762 viene
1555 1686 1637 1762 cosi
1672 1683 1887 1762 dichiarato
1930 1682 1993 1760 nel

547 1831 762 1906 contratto:
800 1825 1113 1929 ‹Saprascripta
1139 1829 1229 1932 fecit
1257 1829 1342 1928 ipsa
1361 1825 1649 1929 Pandnlpbella
1671 1838 1816 1928 sponte,
1839 1827 1993 1929 pnblice

545 1983 582 2049 et
608 1971 706 2050 bona
732 1969 819 2074 fide,
846 1996 936 2049 carn
962 1971 1158 2048 oolnntate
1195 1982 1231 2048 et
1266 1972 1491 2048 anctoritate
1522 1971 1715 2073 praedicti
1751 1972 1828 2046 oiri
1859 1972 1922 2046 sni
1949 1971 1992 2046 in

545 2120 657 2196 cnins
684 2115 845 2195 rannelio
873 2140 913 2192 se
940 2138 1020 2192 esse
1047 2113 1159 2198 elicit,
1178 2125 1214 2191 et
1242 2114 1389 2192 decreto
1416 2116 1493 2224 enei
1521 2117 1590 2217 qni
1616 2138 1739 2215 snpra
1757 2112 1917 2204 Iudicis,
1946 2137 1991 2189 ae

546 2261 771 2338 anctoritate
792 2257 984 2360 praedicti
1001 2257 1193 2335 Iohannis
1214 2216 1470 2352 Marabisani
1489 2260 1676 2364 penitoris
1695 2259 1768 2351 sni,
1789 2258 1895 2335 electi
1921 2257 1993 2333 sibi

539 2430 614 2506 per
641 2428 727 2482 earn
751 2400 987 2481 rnnnelnaldi
1014 2400 1064 2477 ad
1093 2401 1193 2479 banc
1221 2425 1380 2478 consano
1416 2413 1452 2478 et
1480 2427 1556 2504 per
1592 2427 1652 2478 rne
1679 2401 1992 2502 snprasoriptnon

545 2546 711 2625 indicem
740 2547 971 2650 conflrnnti,
1009 2543 1223 2622 secundnm
1254 2569 1371 2622 nsarn
1403 2557 1439 2622 et
1475 2544 1791 2623 consnetndinern
1826 2545 1991 2622 civitatis

546 2692 714 2787 Salerni,
736 2715 813 2792 pro
841 2714 883 2767 eo
912 2689 1016 2793 qnod
1043 2692 1086 2766 in
1113 2701 1312 2767 contracta
1340 2690 1432 2768 dicti
1459 2692 1535 2766 oiri
1562 2701 1598 2767 et
1633 2685 1868 2769 rnnntlnaldi
1895 2689 1990 2780 eins,

545 2837 643 2913 sicat
672 2859 805 2936 snpra,
834 2833 987 2911 accedit.
1017 2833 1280 2924 Rerinncians,
1309 2860 1399 2912 onoc
1431 2833 1573 2912 eisdem
1607 2835 1832 2911 anctoritate
1860 2843 1894 2908 et
1923 2832 1987 2910 tle-

444 3055 448 3067 ,
544 2989 657 3070 creto,
681 2977 887 3080 Vellcyano
916 2987 950 3054 et
978 2978 1191 3078 specialiter
1219 2978 1300 3053 inri
1327 2977 1650 3066 authenticarum,
1671 3001 1705 3055 01
1725 3001 1803 3062 oon
1823 3000 1988 3068 nomen,

539 3149 614 3224 per
642 3146 761 3222 qnam
778 3121 959 3199 rnnlieres
979 3130 1184 3198 teneantnr
1203 3118 1420 3197 accedentes
1440 3121 1565 3196 taliter
1577 3145 1653 3221 pro
1671 3121 1824 3196 rnaritis
1844 3144 1990 3219 corlon,

544 3276 580 3344 et
607 3266 714 3344 oncni
741 3265 872 3368 lepnnc
898 3264 1060 3356 annilio,
1089 3264 1292 3340 certiorato
1319 3287 1359 3340 se
1380 3288 1494 3366 posse
1521 3263 1693 3341 eiusdem
1729 3262 1928 3364 Velleyani
1954 3274 1990 3340 et

543 3410 643 3486 inris
671 3407 822 3485 ancilia
850 3407 1057 3496 adiuvari,
1075 3406 1127 3488 Et
1154 3431 1244 3484 cnm
1271 3406 1413 3484 eisdem
1439 3408 1666 3484 anctoritate
1693 3417 1729 3483 ct
1757 3406 1917 3500 decreto,
1946 3407 1990 3482 in

537 3551 762 3656 praesentia
779 3551 856 3626 enei
877 3549 1070 3651 praedicti
1080 3525 1082 3530 ⁵
1096 3548 1236 3626 indicis
1259 3549 1463 3651 subscripti
1479 3551 1624 3627 notarii
1642 3561 1677 3626 et
1699 3548 1991 3650 praedictorum

545 3696 709 3784 testium,
737 3702 869 3794 sponte
896 3697 1064 3796 confecta
1090 3703 1145 3768 est
1172 3693 1257 3796 ipsa
1283 3694 1426 3769 rnnlier
1445 3717 1485 3770 se
1503 3695 1547 3770 in
1566 3694 1635 3771 boc
1653 3694 1806 3771 nnllam
1823 3693 1903 3769 oirn
1920 3718 1990 3771 sen

542 3839 757 3938 molestiam
782 3836 907 3940 fnisse
928 3859 1089 3937 possano
1117 3830 1139 3912 ¹.
1167 3864 1186 3910 ›

623 3983 683 4060 Da
710 3982 843 4084 questo
871 3980 993 4058 breno
1028 3977 1065 4056 di
1097 3978 1181 4056 doc.
1214 3979 1501 4072 riteverebbesi,
1539 3980 1610 4058 ohe
1641 3982 1681 4058 le
1713 3979 1988 4059 consuetudine

544 4125 780 4206 salernitane
806 4123 853 4200 tle
879 4121 1092 4212 mnnioalt,
1122 4122 1151 4200 si
1182 4123 1365 4201 limitasse
1392 4149 1416 4201 a
1444 4130 1599 4227 questo:
1630 4125 1700 4203 che
1728 4125 1790 4202 nel
1829 4149 1919 4202 caso
1947 4125 1988 4202 in

545 4269 606 4348 cui
633 4269 673 4346 vi
700 4267 801 4345 fosse
830 4264 1142 4344 contreddizione
1161 4264 1381 4344 d’interessi
1399 4265 1461 4343 fra
1480 4266 1620 4369 moglie
1649 4293 1669 4344 0
1698 4267 1852 4359 marito,
1872 4269 1987 4346 ambo

544 4411 772 4506 contraenti,
800 4436 822 4489 e
850 4409 977 4513 specie
1004 4407 1156 4512 quando
1195 4403 1222 4484 il
1258 4409 1398 4486 marito
1436 4409 1648 4488 chiamosse
1675 4410 1715 4488 la
1746 4408 1889 4515 moglie
1916 4436 1989 4514 per

542 4525 742 4661 ¹garantire
769 4553 796 4630 il
823 4553 919 4631 fatto
949 4577 972 4629 0
1001 4555 1195 4629 contratto
1216 4575 1298 4645 suo,
1316 4549 1357 4629 la
1384 4551 1527 4654 moglie
1550 4576 1684 4630 evesse
1713 4552 1845 4630 diritto
1874 4579 1895 4632 e
1923 4553 1988 4632 do

543 4725 636 4778 vere
665 4698 703 4777 di
730 4697 941 4801 scegliersi,
961 4722 1033 4799 per
1060 4695 1147 4799 quel
1176 4699 1383 4789 momento,
1403 4722 1455 4774 un
1483 4696 1584 4774 altro
1613 4696 1847 4776 munduoldo
1871 4695 1988 4803 [(101ι

545 4815 693 4922 binario
710 4840 736 4920 il
751 4845 912 4946 parente
931 4840 996 4944 pio
1016 4835 1262 4944 pressim0]a
1281 4839 1571 4918 confermorlesi
1591 4838 1653 4918 dal
1672 4840 1834 4944 giudice,
1851 4842 1986 4938 anche,

543 5012 564 5065 0
592 4985 696 5064 forse
723 4983 1054 5088 principalmente‚
1083 5007 1155 5086 per
1181 4987 1381 5061 accertere
1415 4983 1485 5062 che
1517 4982 1555 5061 le
1583 4983 1712 5062 donna
1747 4984 1872 5088 agisse
1904 5011 1926 5064 0
1953 4967 1988 5064 si

542 5127 758 5233 obbligasse
785 5127 1037 5206 liberamento
1065 5151 1086 5204 0
1114 5150 1192 5204 non
1220 5150 1291 5229 per
1318 5125 1505 5205 violenza.

623 5485 632 5522 ¹
651 5485 705 5540 Gir.
724 5485 782 5541 doc.
802 5504 828 5540 n.
848 5483 908 5552 xli,
926 5485 955 5538 in
974 5484 1044 5554 App.
