4460 6306
601 687 643 735 Lu
669 688 913 737 CONSUETUDINI
938 687 1077 735 INEDI'I'E
1102 689 1137 735 DI
1161 688 1309 736 SALERNO

895 1120 978 1186 XIX
1001 1117 1021 1188 ¹.

325 1335 363 1398 lu
388 1335 517 1398 nomine
541 1334 649 1400 Patris
665 1339 698 1399 et
722 1335 792 1399 Filii
810 1339 842 1400 et
859 1335 996 1420 Spiritus
1012 1337 1140 1402 Sancto.
1159 1337 1254 1401 Anno
1277 1335 1445 1401 millesimo
1464 1335 1682 1400 ducentesimo

233 1437 535 1528 qu[inquagesimo]
559 1442 700 1508 secundo
703 1491 778 1507 .......
803 1444 959 1508 Maesone
983 1442 1122 1508 secundo
1145 1442 1182 1530 (l)
1208 1492 1392 1507 .................
1418 1462 1528 1507 meuse
1543 1443 1682 1508 ianuarii

233 1547 412 1613 indictione
435 1555 550 1614 octava
574 1596 737 1614 ...............
762 1550 918 1616 iohannes
935 1601 986 1615 .....
1004 1549 1088 1616 filius
1105 1599 1258 1616 .............
1294 1548 1433 1616 melficta
1451 1599 1534 1615 ........
1556 1551 1682 1616 Ursone

235 1870 313 1935 alde
336 1889 408 1938 mee
430 1891 489 1957 pro
512 1893 571 1938 sex
594 1873 698 1944 unciis
720 1873 791 1938 auri
815 1873 900 1938 sacri
924 1872 1033 1958 palatii
1059 1923 1142 1940 ........
1170 1873 1287 1957 recepi,
1312 1891 1407 1957 quam
1430 1871 1575 1938 maralda
1589 1892 1682 1938 mun-

236 1977 387 2064 doaldam
411 1999 515 2045 meam
540 1981 608 2045 eius
631 2000 768 2046 uxorem
791 1987 907 2046 teneus
929 2001 988 2067 per
1011 2000 1140 2046 manum
1170 1979 1309 2046 tenendo
1333 1999 1403 2044 eam
1427 1979 1537 2046 subtus
1562 2029 1681 2045 ...........

236 2090 276 2150 ut
298 2105 317 2150 a
341 2088 503 2171 praesenti
527 2086 579 2152 die
604 2135 801 2153 ..................
828 2089 860 2154 in
892 2089 959 2154 eius
990 2088 1120 2153 mundio
1151 2089 1282 2172 eiusque
1313 2087 1450 2152 heredes
1480 2085 1619 2153 habendi
1649 2089 1683 2152 in

235 2198 430 2279 perpetuum
455 2200 488 2259 et
510 2194 647 2260 faciendi
673 2196 712 2260 de
736 2215 773 2260 eo
797 2196 881 2280 quod
905 2196 1075 2263 voluerint.
1101 2197 1170 2261 siue
1200 2214 1272 2260 mea
1299 2200 1331 2261 et
1357 2194 1514 2260 heredum
1537 2215 1684 2261 meorum

235 2303 473 2367 contrarietate
496 2303 546 2367 vel
571 2304 706 2370 alicuius
730 2306 938 2388 requisitione
961 2306 994 2369 in
1019 2308 1217 2389 perpetuum.
1235 2323 1297 2388 que
1312 2303 1476 2368 mundium
1500 2303 1602 2368 eidem
1619 2325 1683 2369 rna-

236 2409 333 2474 ralde
356 2412 468 2476 uxoris
491 2431 548 2476 sue
572 2413 747 2497 regendam
771 2416 800 2478 ei
825 2415 956 2497 eiusque
980 2411 1153 2478 heredibus
1181 2410 1221 2476 ab
1245 2410 1391 2476 omnibus
1414 2410 1605 2485 hominibus,
1630 2413 1683 2495 qui

238 2518 327 2601 ipsos
350 2519 468 2583 exinde
491 2538 629 2603 querere
660 2522 712 2586 vel
736 2521 907 2586 molestare
938 2520 1103 2586 voluerint
1134 2519 1245 2602 quovis
1271 2517 1374 2582 modo.
1399 2517 1491 2583 Unde
1519 2518 1684 2584 voluntate

237 2628 299 2688 tua
322 2643 383 2708 que
406 2630 440 2690 et
462 2627 496 2690 in
520 2628 621 2712 ipsum
638 2626 857 2694 fideiussorem
874 2627 977 2693 eidem
994 2627 1193 2713 stephanicio
1209 2626 1259 2699 do,
1276 2631 1312 2691 ut
1328 2646 1388 2711 ego
1412 2632 1444 2692 et
1467 2629 1529 2692 mei
1546 2627 1684 2694 heredes

238 2730 419 2816 predictam
442 2733 657 2800 venditionem
682 2740 714 2800 et
728 2736 932 2802 traditionem
950 2734 1069 2799 muudii
1085 2725 1259 2820 supradicti
1276 2737 1378 2800 ratam
1402 2739 1434 2799 et
1456 2732 1582 2800 firmam
1598 2737 1682 2801 omui

236 2843 385 2924 ternpore
408 2840 562 2908 habemus
578 2847 611 2908 et
625 2844 732 2908 omnia
747 2843 892 2929 predicta
907 2845 936 2908 ei
948 2843 1000 2908 vel
1017 2843 1084 2907 eius
1099 2840 1273 2907 heredibus
1288 2841 1527 2926 adimpleamus,
1545 2847 1578 2908 et
1593 2843 1681 2908 nullo

239 2953 388 3033 tempore
410 2968 582 3034 queramus
604 2951 707 3035 ipsum
722 2950 774 3015 vel
791 2952 859 3016 eius
875 2949 1013 3016 heredes
1029 2949 1069 3014 de
1085 2947 1209 3016 dotibus
1225 2968 1304 3034 quas
1328 2969 1386 3033 pro
1410 2948 1523 3015 eadem
1538 2943 1684 3016 maralda

241 3075 346 3120 uxore
369 3077 427 3122 sua
451 3059 574 3143 recepit
597 3077 662 3122 non
687 3108 793 3122 ..........
801 3108 817 3122 ..
843 3059 938 3124 uxori
961 3077 1019 3123 sue
1044 3105 1173 3121 ............
1200 3076 1264 3121 nou
1287 3056 1327 3121 de
1350 3062 1473 3141 quarta,
1499 3077 1593 3142 quam
1624 3078 1684 3143 per

243 3165 453 3249 morgincaph
471 3165 574 3230 eidem
591 3166 717 3231 mulieri
736 3216 855 3230 ...........
877 3165 1018 3230 condidit
1033 3165 1066 3229 iu
1083 3163 1228 3230 omuibus
1245 3164 1341 3230 rebus
1364 3167 1438 3236 suis,
1456 3171 1505 3231 set
1520 3171 1685 3232 taceamus

244 3273 291 3336 eis
313 3271 436 3356 pridem
460 3278 491 3337 et
514 3278 625 3338 tacere
648 3273 803 3339 iaciamus
827 3292 937 3338 omues
960 3273 1116 3344 homines,
1145 3274 1178 3337 et
1207 3273 1292 3357 ipsos
1319 3271 1436 3337 exinde
1463 3291 1602 3357 querere
1632 3294 1686 3339 vo·

242 3379 363 3444 luerint
386 3382 497 3463 quovis
521 3381 613 3445 modo
639 3430 926 3446 ..........................

328 3486 358 3575 †
383 3489 502 3574 Regius
526 3487 664 3554 melficta
688 3490 784 3554 iudex

328 3593 519 3682 †Ooritius
543 3594 681 3661 melficta
705 3597 850 3662 notarius

329 3702 490 3772 lohannes
513 3702 669 3788 siphandi.
696 3703 837 3788 Lupulus
860 3701 943 3768 tilius
968 3703 1129 3767 Iohannis.

330 3809 506 3897 [Archioio
537 3811 693 3878 Curense.
719 3813 807 3876 Area
831 3811 901 3882 Lll,
925 3830 957 3874 n.
984 3807 1052 3896 88].

911 4132 977 4198 XX
999 4130 1021 4197 ².

332 4353 368 4415 ln
392 4351 521 4415 nomine
544 4323 661 4414 domini
687 4347 930 4436 quadragesimo
953 4347 1048 4411 tertio
1079 4365 1165 4411 anno
1197 4348 1395 4433 principatus
1425 4344 1478 4410 dni
1502 4345 1604 4412 nostri
1629 4346 1685 4412 Gi·

244 4455 314 4522 solfi
337 4459 468 4544 gloriosi
494 4459 647 4542 principis
672 4461 704 4523 et
718 4457 822 4540 primo
839 4473 924 4518 auno
947 4455 1145 4538 principatus
1161 4453 1288 4519 domiue
1312 4455 1464 4519 Geminae
1487 4454 1601 4519 uxoris
1617 4454 1686 4518 eius

246 4571 279 4632 et
301 4567 359 4630 Dhi
387 4563 525 4630 Paldolti
545 4569 652 4649 optato
675 4560 739 4626 fllio
765 4581 873 4627 mense
901 4566 1054 4644 augustus
1069 4563 1166 4640 tertie
1187 4561 1379 4626 indictionis.
1406 4559 1546 4625 Berbum
1562 4561 1686 4626 emissis

246 4724 363 4738 ...........
388 4693 408 4736 a
431 4692 482 4736 me
508 4672 667 4736 lohannes
691 4669 852 4754 presbiter
876 4675 908 4733 et
935 4668 1111 4732 monachus
1144 4673 1253 4733 rector
1284 4667 1420 4733 ecclesie
1447 4667 1478 4733 S.
1504 4667 1614 4740 Felici,
1649 4688 1686 4733 en

245 4781 327 4866 quod
351 4786 427 4845 ante
451 4779 531 4843 dnus
555 4776 738 4842 nicodemus
760 4776 858 4840 abbas
883 4775 1066 4841 monasterii
1091 4775 1121 4841 S.
1148 4776 1313 4840 Laurentii
1336 4773 1394 4840 sub
1419 4775 1509 4840 cuius
1528 4780 1686 4859 potestate

246 4895 278 4956 et
301 4889 413 4974 regule
436 4907 505 4953 sum
530 4887 625 4950 etiam
649 4904 721 4948 cum
746 4881 890 4968 pluribus
914 4881 1061 4947 hidoneis
1076 4881 1257 4947 hominibus
1272 4882 1326 4965 qui
1350 4880 1460 4946 subter
1483 4883 1594 4968 scripti
1611 4888 1687 4947 suut

245 5017 304 5082 per
327 4996 496 5080 largietate
560 4999 592 5057 et
607 4991 807 5056 absolutione
830 4990 929 5075 ipsius
946 4989 998 5053 dni
1015 4987 1139 5053 abbatis
1155 5007 1214 5073 pro
1230 5008 1314 5053 vona
1338 4987 1573 5054 combenientia
1588 5038 1684 5054 .........

247 5111 278 5170 et
300 5101 488 5189 pastenandi
512 5100 625 5165 ordine
648 5099 689 5163 ad
713 5099 855 5163 sortione
877 5096 981 5181 adque
1013 5095 1190 5161 insertaudi
1212 5095 1345 5162 tradidit
1370 5097 1467 5160 amati
1490 5093 1574 5161 iilius
1601 5096 1686 5161 leoni

339 5370 348 5405 ¹
368 5370 408 5424 La
433 5385 600 5440 pergamena
625 5365 640 5422 b
665 5367 693 5420 in
714 5369 792 5435 parte
817 5363 918 5429 delete,
943 5362 1073 5434 equindi
1100 5378 1154 5416 non
1173 5363 1358 5417 interamenta
1383 5360 1573 5416 suscettivadi
1599 5361 1688 5418 iuter·

248 5467 590 5621 ριθιᾶἲῗῖρθγῃωθῃα
608 5545 623 5600 ὁ
643 5547 671 5599 in
690 5543 808 5618 qualche
827 5548 906 5616 parte
925 5542 1025 5610 deleta,
1045 5558 1094 5613 per
1112 5539 1236 5598 macchia
1256 5540 1405 5596 numida.
