4460 6306
570 643 614 711 611
1098 662 1261 710 11011111
1284 661 1478 710 Aaronom

570 883 604 946 in
626 879 698 946 loco
721 879 888 946 Metiliano
910 880 944 945 in
967 898 1032 963 quo
1055 879 1091 944 D.
1120 878 1239 943 Petrus
1262 875 1313 942 dai
1337 877 1443 963 gratia
1473 875 1670 943 venerabilis
1693 875 1802 948 Abbas
1825 881 1944 964 preest.
1971 879 2013 944 Et

571 989 630 1075 ipsi
654 987 848 1056 Romoaldus
872 992 905 1054 et
928 987 1089 1052 lohannes
1113 991 1145 1052 et
1169 985 1340 1070 Sicelgaita
1365 989 1398 1050 et
1421 985 1632 1070 Gaitelgrima
1662 983 1924 1052 clarificaverunt
1953 986 2013 1052 sibi

571 1097 736 1183 pertinere
766 1097 925 1180 integram
949 1094 1118 1160 ecclesiam
1140 1111 1235 1177 quem
1258 1091 1299 1156 ad
1321 1091 1479 1157 honorem
1504 1093 1539 1155 B.
1560 1091 1681 1157 Nicolai
1699 1092 1900 1160 confessoris
1916 1099 2013 1179 atque

573 1200 740 1270 Pontificis
770 1202 849 1268 foris
879 1203 941 1268 hac
974 1201 1103 1268 civitate
1133 1204 1319 1267 constructa
1350 1204 1399 1264 est
1429 1199 1464 1263 in
1494 1198 1565 1263 loco
1595 1198 1723 1284 dupino.
1757 1201 1834 1266 Cum
1866 1201 2014 1268 omnibus

572 1311 670 1378 rebus
692 1309 857 1376 stabilibus
881 1315 913 1377 et
927 1307 1096 1374 mobilibus
1117 1309 1178 1394 ipsi
1201 1308 1357 1373 ecclesiae
1380 1305 1624 1393 pertinentibus.
1641 1309 1715 1392 lpse
1731 1307 1857 1391 quidem
1874 1309 2014 1374 romoal-

572 1418 631 1486 dus
654 1415 846 1484 clarificavit
867 1417 926 1482 sibi
949 1417 1114 1503 pertinere
1144 1416 1304 1501 integram
1335 1413 1537 1480 medietatem
1562 1418 1594 1479 et
1617 1415 1685 1500 ipsa
1708 1418 1846 1482 loannes
1868 1418 2014 1482 notarius

573 1532 606 1592 et
627 1526 848 1611 suprascripta
870 1522 1047 1610 Sikelgaita
1069 1524 1220 1609 genetrix
1245 1522 1313 1588 eius
1335 1527 1482 1606 quartam
1505 1526 1638 1607 partem.
1654 1523 1695 1588 Et
1710 1523 1779 1607 ipsa
1803 1503 2015 1609 Gaitelgrima

572 1633 719 1700 similiter
742 1629 931 1698 clarificavit
954 1629 1012 1696 sibi
1037 1629 1154 1696 exinde
1176 1631 1341 1716 pertinere
1365 1627 1526 1695 residuam
1549 1633 1694 1713 quartam
1719 1637 1854 1715 partem.
1872 1632 1915 1695 Et
1931 1633 2013 1698 sicut

573 1744 633 1830 ipsi
657 1739 836 1807 Romualdo
859 1745 892 1806 11
915 1740 1052 1805 lobanni
1075 1744 1108 1805 et
1131 1737 1307 1823 Sikelgaita
1340 1743 1373 1803 et
1407 1738 1617 1823 Gaitelgrima
1640 1757 1818 1822 congruum
1846 1739 1907 1806 fuit
1931 1740 2016 1806 bona

575 1871 686 1916 eorum
708 1849 872 1914 voluntate
896 1866 955 1932 par
978 1846 1236 1913 convenientiam
1260 1846 1426 1931 perhanc
1451 1845 1632 1912 chartulam
1656 1866 1715 1930 pro
1738 1866 1849 1914 amore
1862 1850 2015 1934 omnipo

573 1959 672 2026 tentis
694 1955 745 2022 dei
768 1955 821 2040 qui
846 1953 996 2021 servilem
1020 1973 1153 2018 carnem
1176 1972 1304 2019 sumere
1328 1957 1360 2018 et
1382 1955 1463 2018 mori
1487 1973 1552 2019 non
1579 1951 1768 2040 dedignatus
1792 1961 1841 2024 est
1865 1958 2015 2040 quatinus

573 2066 748 2131 humanum
772 2083 873 2148 genus
895 2081 916 2126 a
938 2063 1013 2146 iugo
1037 2059 1193 2126 diabolice
1216 2061 1380 2128 servitutis
1402 2059 1544 2126 liberare
1568 2081 1629 2127 nec
1652 2082 1717 2128 non
1741 2083 1800 2148 pro
1823 2065 1926 2132 salute
1950 2070 2017 2132 ani-

575 2193 700 2239 marum
723 2190 852 2236 suarum
877 2175 910 2235 et
931 2169 1222 2254 suprascriptorum
1247 2169 1403 2254 genitoris
1426 2189 1537 2234 eornm
1564 2175 1813 2257 ceterorumque
1839 2223 2016 2246 ................

573 2301 704 2348 suorum
727 2277 914 2364 optulerunt
934 2277 969 2340 in
993 2277 1212 2361 suprascripto
1228 2277 1423 2342 monasterio
1439 2278 1599 2362 integram
1610 2271 1716 2364 ¹ipsam
1733 2279 1903 2346 ecclesiam
1921 2300 2017 2366 quam

438 2412 441 2450 1
574 2389 643 2462 sibi,
667 2393 703 2453 ut
727 2386 844 2452 dictum
869 2389 918 2450 est
940 2384 1107 2469 pertinere
1122 2381 1384 2450 clarificaverunt
1407 2389 1439 2448 et
1462 2405 1572 2450 omnes
1596 2405 1650 2452 res
1673 2385 1803 2453 stabiles
1827 2394 1859 2455 at
1882 2389 2019 2457 mobiles

574 2498 634 2582 ipsi
657 2495 814 2562 acclesiae
838 2511 1027 2577 quocunque
1050 2491 1144 2556 modo
1167 2492 1367 2578 pertinentes
1390 2512 1462 2558 cum
1486 2492 1632 2560 omnibus
1647 2512 1729 2577 quae
1745 2496 1833 2563 intra
1846 2498 1917 2584 ipsa
1933 2497 2019 2564 obla-

573 2607 661 2672 tione
683 2606 758 2669 sunt
780 2601 968 2684 cunctisque
991 2599 1056 2665 suis
1078 2598 1281 2684 pertinentiis
1304 2602 1356 2664 etc
1358 2649 2015 2672 ...........................................................

577 2712 694 2780 Omnia
725 2707 944 2794 suprascripta
974 2706 1053 2772 fecit
1078 2707 1148 2792 ipsa
1187 2705 1358 2792 Sicelgaita
1387 2727 1459 2772 cum
1488 2708 1654 2774 voluntate
1692 2710 1783 2775 Petri
1812 2714 1931 2778 notarii
1961 2711 2019 2780 tilii

573 2840 603 2905 q.
630 2817 783 2884 lobannis
804 2815 924 2880 notarii
945 2815 980 2879 in
1004 2815 1095 2881 cuius
1116 2834 1212 2880 manu
1235 2815 1343 2900 paruit
1366 2834 1464 2880 unum
1487 2817 1640 2900 scriptum
1668 2817 1789 2883 mundii
1820 2819 1903 2904 quod
1935 2823 2019 2886 scri-

500 2991 503 3001 *
575 2932 663 3012 ptum
686 2930 735 2991 ast
757 2943 816 3008 per
838 2921 1050 3008 grimoaldum
1075 2923 1235 2988 notarium
1266 2941 1352 2987 anno
1383 2923 1602 3009 suprascripte
1632 2923 1792 2990 dominice
1818 2928 2019 2994 incarnatio-

575 3035 625 3100 nis
651 3033 732 3098 1101
754 3029 951 3115 temporibus
966 3029 1020 3094 dili
1036 3031 1156 3115 rogerii
1181 3029 1311 3114 gloriosi
1328 3030 1417 3096 ducis
1439 3051 1549 3096 mensa
1572 3032 1688 3096 martio
1704 3052 1808 3100 nonae
1824 3034 2017 3102 indictionis.

575 3141 748 3208 continens
772 3137 909 3222 qualiter
939 3142 1015 3203 aute
1047 3137 1224 3202 Iohannem
1250 3136 1395 3202 iudicem
1427 3140 1665 3224 suprascriptus
1697 3141 1814 3206 Petrus
1844 3143 1897 3207 vir
1919 3144 2019 3230 ipsius

575 3247 746 3334 Sicalgaita
770 3246 961 3310 coniunctus
983 3243 1083 3311 111111
1106 3263 1178 3309 cum
1203 3244 1379 3310 Adelberto
1402 3242 1467 3310 filio
1491 3245 1649 3329 quondam
1682 3248 1773 3315 Petri
1798 3253 1830 3314 et
1852 3250 1937 3317 sicut
1959 3252 2019 3339 ipsi

575 3357 675 3424 Patro
706 3372 884 3438 congruum
916 3350 1024 3418 fuerat
1051 3350 1137 3416 bona
1166 3352 1224 3418 111
1254 3351 1420 3417 voluntate
1447 3371 1506 3437 per
1537 3354 1793 3420 convenientiam
1825 3377 1886 3442 per
1916 3357 2020 3444 ipsum

574 3464 728 3548 scriptum
751 3458 929 3525 tradiderat
952 3459 1010 3544 ipsi
1036 3457 1212 3524 Adelberto
1236 3461 1397 3545 integrum
1421 3459 1584 3525 mundium
1608 3461 1692 3545 quod
1715 3461 1774 3528 sibi
1799 3463 1866 3549 ipse
1883 3465 2021 3532 Petrum

575 3570 741 3657 pertinere
764 3566 892 3632 dixerat
915 3565 955 3632 de
979 3567 1200 3652 suprascripta
1223 3565 1401 3652 Sikelgaita
1423 3587 1527 3632 uxore
1550 3587 1617 3632 sua.
1642 3569 1691 3633 Ea
1715 3571 1840 3635 ratione
1870 3576 1906 3636 11
1936 3574 2021 3639 inte-

575 3695 668 3764 grum
692 3675 795 3760 ipsum
818 3672 981 3738 mundium
1005 3693 1133 3759 semper
1156 3679 1241 3740 esset
1263 3674 1296 3738 in
1320 3679 1476 3760 potestate
1492 3674 1578 3740 illius
1593 3675 1656 3739 viri
1672 3677 1724 3741 cui
1740 3677 1842 3763 ipsum
1862 3680 2021 3766 scriptum

576 3787 609 3849 in
631 3802 729 3848 manu
759 3782 927 3867 paruisset.
953 3782 996 3846 Et
1024 3781 1189 3846 licentiam
1217 3779 1355 3846 haberet
1377 3781 1446 3865 ipsa
1468 3780 1646 3868 Sikelgaita
1675 3782 1714 3848 de
1744 3783 1890 3851 omnibus
1921 3787 2022 3855 rebus

576 3885 1070 3957 1111111111111111110111111111
1093 3887 1204 3953 facere
1232 3886 1314 3972 quod
1346 3887 1445 3952 vellet
1475 3907 1547 3952 cum
1578 3887 1743 3956 boluutata
1770 3891 1856 3957 illius
1879 3893 1943 3958 viri
1969 3896 2022 3960 cui

576 4000 680 4085 ipsum
702 3996 858 4079 scriptum
881 3995 916 4058 in
938 4013 1034 4059 manu
1058 3994 1226 4080 paruisset,
1251 3994 1334 4060 sicut
1356 3994 1458 4078 ipsum
1482 3995 1636 4080 scriptum
1661 3997 1804 4062 continet
1821 3997 1855 4062 in
1871 4018 1935 4083 quo
1952 4001 2023 4087 ipsa

577 4105 740 4171 Iohannes
763 4099 866 4170 ludex
889 4100 1087 4186 subscriptus
1118 4105 1175 4167 est.
1201 4102 1243 4165 111
1267 4102 1485 4186 suprascripta
1514 4101 1593 4168 fecit
1614 4103 1684 4188 ipsa
1707 4103 1919 4191 Gaitelgrima
1947 4127 2023 4174 cum

575 4212 742 4278 voluntate
765 4210 906 4295 ipsorum
930 4206 1084 4273 romoaldi
1109 4213 1142 4273 11
1165 4208 1318 4275 Iohannis
1348 4209 1464 4274 notarii
1492 4209 1525 4273 in
1557 4229 1692 4293 quorum
1723 4211 1852 4277 mundio
1883 4233 1919 4278 11
1950 4234 2024 4282 esse

578 4320 667 4385 dixit.
686 4319 865 4383 Praeterea
888 4320 920 4381 et
943 4315 1066 4381 Aloara
1088 4336 1173 4381 uxor
1196 4315 1293 4400 ipsius
1316 4314 1484 4380 Romoaldi
1507 4318 1540 4381 in
1564 4337 1667 4381 meam
1690 4317 1850 4385 accadens
1869 4339 2025 4411 praesan-

577 4427 654 4492 tiam
677 4410 736 4511 per
759 4423 1017 4490 convenientiam
1041 4442 1113 4488 cum
1137 4423 1302 4488 voluntate
1322 4424 1531 4509 suprascripti
1547 4425 1704 4490 romoaldi
1719 4425 1783 4490 viri
1799 4430 1833 4492 11
1847 4427 2025 4496 mundoald

577 4534 626 4599 sui
650 4531 805 4618 obligavit
826 4551 861 4596 se
885 4535 918 4596 et
941 4549 1015 4596 suos
1038 4529 1177 4595 heredes
1199 4531 1225 4594 si
1248 4531 1468 4614 suprascripta
1490 4531 1542 4595 vel
1574 4551 1617 4596 ex
1647 4532 1693 4598 eis
1725 4519 1894 4618 quicquam
1918 4555 2026 4602 remo-

578 4659 657 4705 vere
679 4643 734 4706 aut
757 4636 981 4703 contradicere
1004 4638 1260 4723 presumpserint
1284 4656 1477 4722 componere
1510 4638 1568 4722 ipsi
1602 4638 1637 4701 1).
1661 4637 1778 4705 Abbati
1809 4642 1918 4726 aisque
1947 4663 2025 4710 suc-

578 4745 760 4813 cessoribus
790 4750 823 4811 at
852 4743 997 4830 partibus
1026 4744 1125 4829 ipsius
1156 4744 1345 4809 Monasterii
1370 4744 1394 4809 Ο
1417 4744 1488 4808 auri
1512 4743 1604 4809 solidi
1635 4747 1861 4813 costantiniani
1892 4753 1955 4814 etc.
1982 4751 2026 4816 Et

577 4854 687 4922 taliter
715 4852 773 4922 tibi
803 4871 871 4937 sup.
897 4851 1012 4917 loanni
1044 4851 1176 4917 Notario
1205 4850 1351 4917 scribere
1381 4849 1522 4937 precepi.
1545 4848 1576 4939 †
1603 4851 1673 4938 Ego
1704 4853 1758 4938 qni
1789 4873 1888 4940 supra
1918 4855 2023 4924 Ursus

579 4960 692 5030 ludex

662 5065 838 5152 [1111111110
860 5066 953 5134 dello
974 5063 1090 5133 Badio
1110 5065 1148 5132 di
1173 5063 1275 5133 Cava.
1300 5063 1389 5130 Arca
1410 5063 1487 5139 XX,
1511 5085 1542 5129 n.
1571 5062 1662 5154 107}
