4460 6306
1080 661 1245 709 GIOVANNI
1269 658 1463 706 salcanum:

1229 1091 1322 1156 XIV.

636 1309 674 1398 lp
697 1310 826 1374 nomine
857 1306 911 1372 dni
936 1307 993 1373 Dei
1023 1307 1149 1372 aeterni
1173 1311 1205 1371 et
1229 1305 1398 1371 salvatoris
1431 1305 1533 1370 nostri
1559 1305 1656 1372 lhesu
1681 1305 1810 1371 Christi.
1837 1307 1932 1396 Anno
1956 1306 1996 1370 ab

548 1415 771 1482 incarnatione
795 1416 863 1480 eius
890 1414 983 1479 1136.
1002 1412 1212 1499 Temporibus
1235 1410 1288 1476 dni
1316 1413 1418 1476 nostri
1437 1411 1568 1496 Rogerii
1586 1412 1715 1477 Siciliae
1738 1417 1770 1477 et
1792 1412 1994 1478 Hierusalem

550 1523 771 1610 gloriosissimi
801 1523 898 1606 regis,
923 1540 1032 1586 mense
1057 1521 1139 1586 lulio
1163 1520 1245 1585 XlV
1270 1517 1461 1582 indictionis.
1488 1520 1574 1582 riute
1601 1538 1652 1583 me
1675 1521 1830 1585 loannem
1856 1518 1996 1585 ludioem

550 1631 681 1716 Sergius
705 1630 799 1695 huius
826 1629 965 1694 civitatis
989 1628 1183 1712 stratigotus
1212 1623 1298 1691 filius
1321 1644 1351 1709 q.
1378 1622 1533 1696 Landultl.
1559 1626 1612 1710 qui
1644 1622 1747 1691 dictus
1771 1631 1820 1691 est
1845 1626 1996 1712 Caputus.

547 1757 607 1824 per
630 1737 887 1802 convenientiam
910 1733 1042 1800 tradidit
1064 1735 1178 1819 Sergio
1195 1734 1413 1798 Tramontano
1436 1729 1502 1796 lilio
1526 1752 1556 1817 q,
1583 1717 1722 1805 loannis,
1740 1733 1794 1817 qui
1817 1732 1922 1800 dictus
1945 1741 1994 1800 est

549 1843 589 1910 de
611 1843 644 1909 la
668 1844 775 1915 Poste,
799 1847 923 1908 terram
946 1862 1081 1908 vacuam
1106 1847 1138 1907 et
1160 1841 1310 1906 silvosam
1334 1841 1394 1926 ipsi
1418 1840 1531 1926 Sergio
1563 1841 1779 1926 pertinentem
1806 1839 1887 1907 loris
1911 1841 1997 1907 hauc

549 1951 711 2018 civitatem
743 1951 776 2015 in
798 1950 871 2015 loco
895 1951 1030 2035 Dupiuo,
1055 1949 1108 2014 ubi
1133 1947 1286 2015 Casaburi
1317 1947 1444 2021 dicitur,
1469 1966 1564 2032 quam
1595 1948 1663 2032 ipse
1687 1947 1820 2034 Sergius
1844 1949 1997 2014 Tramon-

550 2064 645 2124 tanus
675 2056 715 2122 ab
745 2058 814 2143 ipso
838 2057 952 2142 Sergio
976 2055 1150 2142 stratigoti)
1178 2054 1456 2120 adlaborandum
1458 2103 1822 2119 .................................
1848 2057 1937 2122 etin
1960 2075 1999 2122 ea

552 2166 619 2249 ipse
642 2165 774 2251 Sergius
799 2165 1034 2228 Tramoutauus
1057 2164 1185 2228 vineam
1209 2163 1333 2248 pariter
1367 2162 1515 2247 plantare
1547 2161 1654 2227 habet.
1680 2162 1759 2228 Cum
1788 2161 1935 2229 omuibus
1957 2161 1999 2228 ad

552 2273 653 2357 ipsam
677 2269 882 2336 traditionem
905 2269 1148 2356 pertinentibus,
1166 2275 1198 2335 et
1222 2289 1297 2333 oum
1312 2267 1444 2342 vicede
1458 2269 1513 2332 via
1528 2288 1594 2334 sua.
1614 2269 1661 2334 Ea
1679 2269 1804 2335 ratione
1828 2274 1863 2337 ut
1886 2269 1999 2334 amodo

551 2397 652 2462 usque
675 2384 812 2462 quatuor
835 2397 937 2442 anuos
960 2377 1135 2462 completos
1159 2378 1227 2460 ipae
1251 2376 1382 2461 Sergius
1399 2377 1634 2440 Tramontanus
1657 2381 1689 2440 et
1714 2377 1783 2440 eius
1803 2375 1943 2442 heredes
1966 2382 1999 2442 et

550 2485 696 2550 homines
719 2504 799 2569 quos
821 2484 962 2551 voluerit
986 2485 1145 2569 integram
1169 2485 1270 2568 ipsam
1292 2481 1497 2548 traditionem
1515 2483 1653 2566 qualiter
1676 2503 1774 2568 supra
1789 2482 1921 2568 legitur.
1940 2503 1998 2548 sua

552 2596 709 2676 potestate
740 2596 879 2664 teneant,
906 2597 937 2656 et
961 2591 999 2656 de
1024 2610 1107 2656 novo
1131 2591 1261 2655 fobeaut
1290 2608 1466 2673 omnesque
1496 2590 1607 2654 foveas
1610 2639 1684 2654 .......
1711 2592 1744 2656 ιιι
1770 2609 1809 2655 ea
1833 2592 1924 2655 iuxta
1948 2611 2002 2656 ra-

552 2699 638 2763 tione
661 2698 791 2762 iaciant.
819 2701 855 2762 ln
880 2717 943 2782 qua
965 2700 991 2764 si
1014 2697 1188 2770 voluerint,
1213 2697 1332 2782 degant
1355 2701 1389 2763 et
1411 2696 1566 2762 habitent.
1589 2699 1631 2762 Et
1653 2699 1687 2762 iu
1710 2717 1749 2764 ea
1771 2703 1927 2782 quantum
1951 2717 2004 2784 po·

550 2806 683 2888 tuerint,
702 2804 876 2870 secuudum
893 2825 1004 2870 eorum
1020 2803 1271 2890 possibilitatem.
1289 2805 1416 2869 vineam
1440 2803 1479 2868 de
1502 2803 1585 2869 bono
1602 2805 1733 2890 rigueto
1758 2811 1791 2870 et
1813 2804 2003 2872 fructiferos

549 2911 684 2977 arbores
708 2913 854 2998 plantent
877 2912 930 2978 vel
955 2912 1103 2997 plantare
1127 2912 1249 2978 faciant
1273 2917 1305 2975 et
1322 2909 1469 2976 tractare
1495 2910 1648 2976 studeant
1670 2917 1706 2976 ut
1728 2910 1829 2976 decet.
1855 2911 1897 2978 Et
1923 2911 2003 2978 illud

464 3091 469 3098 ,
549 3018 642 3104 quod,
667 3022 702 3085 ut
724 3018 843 3086 dictum
867 3026 924 3092 est,
949 3019 1128 3104 plantatum
1154 3018 1301 3088 habeant.
1327 3017 1475 3083 similiter
1499 3018 1645 3083 sructare
1668 3017 1826 3094 studeant,
1849 3024 1885 3083 ut
1909 3017 2004 3084 decet

549 3127 632 3193 sicut
654 3146 713 3212 per
735 3127 909 3192 terminum
931 3127 1008 3190 anui
1030 3127 1121 3192 locus
1138 3127 1205 3210 ipse
1221 3130 1374 3191 meretur.
1394 3127 1435 3191 Et
1451 3126 1600 3210 quicquid
1616 3126 1742 3192 fructus
1758 3125 1876 3192 exinde
1894 3145 1998 3210 usque

550 3234 634 3318 ipsos
656 3252 759 3298 annos
790 3234 965 3318 completos
987 3233 1104 3298 tollere
1127 3233 1179 3297 vel
1203 3232 1325 3297 habere
1348 3235 1498 3316 potuerit,
1523 3238 1625 3299 totum
1657 3232 1735 3298 illud
1760 3232 1818 3298 sibi
1843 3232 1998 3306 habeant,

550 3345 649 3405 etex
678 3359 716 3404 eo
747 3338 831 3424 quod
863 3340 1024 3405 voluerint
1056 3339 1185 3405 faciant.
1211 3339 1384 3425 Gompletis
1415 3359 1492 3402 vero
1525 3341 1600 3425 ipsis
1631 3341 1725 3405 anuis
1756 3345 1904 3425 quatuor.
1931 3343 2001 3426 ipse

550 3446 682 3531 Sergius
697 3447 934 3512 Tramoutanus
959 3451 990 3511 et
1014 3447 1083 3512 eius
1100 3447 1180 3512 here
1191 3447 1237 3512 les
1253 3446 1398 3511 dividant
1413 3451 1516 3513 totam
1532 3449 1670 3520 vineam,
1689 3467 1784 3530 quam
1799 3449 1888 3512 iutra
1902 3453 2004 3512 totam

550 3553 650 3638 ipsam
679 3552 884 3620 traditionem
915 3554 1043 3624 factam,
1070 3561 1104 3620 ut
1127 3553 1247 3620 dictum
1279 3561 1336 3622 est.
1362 3554 1513 3626 habeant,
1539 3554 1674 3620 induas
1706 3560 1826 3639 partes.
1852 3560 1885 3619 et
1912 3557 2003 3640 prius

551 3660 618 3744 ipse
635 3660 766 3745 Sergius
783 3660 976 3747 Stratigotus
1000 3665 1033 3728 et
1054 3662 1123 3726 eius
1139 3661 1276 3726 heredes
1292 3661 1537 3746 apprehendant
1553 3681 1648 3726 unam
1668 3681 1709 3726 ex
1728 3663 1774 3726 eis
1799 3661 1926 3745 qualem
1951 3681 2005 3727 vo·

551 3765 658 3839 luerit.
675 3766 716 3830 ad
739 3766 922 3832 faciendum
946 3767 1064 3833 exinde
1087 3769 1155 3853 ipse
1179 3768 1373 3853 stratigotus
1397 3773 1430 3833 et
1454 3769 1522 3833 eius
1549 3767 1686 3832 heredes
1714 3768 1798 3851 quod
1829 3767 2004 3834 voluerint.

551 3871 672 3938 Deinde
684 3875 753 3958 ipse
766 3874 898 3958 Sergius
910 3874 1146 3939 Trementanus
1162 3880 1194 3938 et
1211 3875 1278 3940 eius
1295 3874 1434 3939 heredes
1447 3875 1694 3960 apprehendant
1708 3874 1863 3958 reliquam
1876 3879 2005 3959 partem

551 4000 624 4046 cum
640 3980 787 4045 omnibus
803 3999 885 4065 quae
901 3982 987 4046 intra
1004 4001 1073 4045 eam
1091 3986 1174 4051 sunt,
1192 3983 1380 4064 cunctisque
1396 3982 1462 4046 suis
1479 3981 1719 4066 pertinentibus
1736 3986 1855 4047 etcum
1872 3983 1945 4047 vice
1966 3982 2007 4048 de

549 4089 602 4152 via
624 4106 691 4168 sua,
716 4087 756 4152 ad
780 4086 963 4152 faciendum
987 4088 1105 4153 exinde
1122 4089 1189 4173 ipse
1205 4088 1337 4173 Sergius
1354 4089 1597 4154 Tramoutanus
1622 4093 1655 4153 et
1679 4089 1748 4154 eius
1764 4087 1903 4154 heredes
1918 4088 2005 4172 quod

550 4193 720 4266 voluerint,
745 4193 859 4260 ordine
882 4195 1007 4260 scilicet
1030 4196 1092 4259 hoc
1115 4195 1294 4265 observato,
1320 4200 1355 4259 ut
1378 4197 1410 4258 iu
1437 4194 1580 4278 quolibet
1603 4201 1750 4280 tempore
1777 4196 1846 4280 ipse
1869 4196 2005 4281 Sergius

552 4301 790 4367 Tramoutanus
815 4303 937 4368 eteius
969 4301 1105 4367 heredes
1136 4303 1235 4386 ipsam
1267 4307 1392 4387 partem
1423 4322 1523 4372 suam,
1549 4303 1601 4367 vel
1625 4323 1667 4367 ex
1691 4322 1738 4374 ea,
1764 4302 1919 4375 vendere.
1945 4308 2004 4369 aut

551 4405 632 4473 dare
654 4408 707 4473 vel
730 4409 875 4494 obligare
898 4410 1069 4480 voluerint,
1093 4429 1158 4473 non
1182 4409 1324 4474 habeant
1348 4415 1538 4495 potestatem
1562 4409 1640 4474 illud
1664 4409 1809 4475 vendere
1840 4415 1897 4475 aut
1922 4411 2004 4478 dare

549 4520 605 4581 aut
619 4515 764 4600 obligare
789 4537 846 4580 seu
869 4535 1068 4600 quocumque
1084 4516 1177 4581 modo
1192 4517 1337 4581 alienare
1363 4518 1422 4581 nisi
1440 4518 1508 4602 ipso
1525 4517 1638 4601 Sergio
1655 4517 1830 4602 Stratigoto
1854 4523 1886 4582 et
1912 4518 2000 4584 illius

550 4621 723 4688 heredibus
745 4622 824 4688 illud
846 4623 988 4688 vendant
1011 4630 1045 4690 et
1067 4623 1143 4689 dent
1167 4625 1270 4708 pretio
1293 4642 1355 4707 quo
1379 4644 1438 4708 per
1454 4623 1564 4688 doctos
1580 4624 1727 4688 homines
1744 4625 1833 4691 iuxte
1849 4624 2001 4690 iaciendo

550 4729 760 4815 appretiatur.
777 4731 817 4794 Et
832 4731 938 4794 omnia
954 4729 1071 4795 exinde
1087 4729 1127 4794 ad
1142 4731 1281 4794 invicem
1295 4731 1382 4794 intra
1397 4750 1432 4794 se
1449 4731 1571 4795 faciant
1587 4735 1619 4795 et
1634 4731 1837 4816 adimpleant,
1851 4732 1935 4798 siout
1947 4732 2006 4798 lex

553 4841 585 4901 et
597 4835 792 4900 consuetudo
805 4841 853 4902 est
865 4838 955 4904 istius
966 4837 1105 4904 civitatis
1116 4837 1158 4902 de
1170 4835 1317 4922 obligatis
1332 4842 1364 4901 et
1372 4838 1528 4922 thingatis
1538 4837 1634 4904 rebus
1647 4837 1757 4902 lacere
1771 4843 1803 4902 et
1814 4836 2004 4923 adimplere.

550 4943 702 5009 Similiter
726 4948 758 5008 et
780 4943 821 5008 de
844 4944 912 5029 ipsa
935 4945 1091 5009 divisione
1107 4945 1153 5009 sic
1171 4946 1257 5007 iutra
1281 4965 1315 5009 se
1332 4944 1454 5010 faciant
1470 4950 1503 5011 et
1518 4944 1714 5030 adimpleant
1729 4942 2001 5029 quemadmodum

549 5056 597 5116 est
620 5048 816 5116 consuetudo
839 5051 931 5116 istius
954 5051 1093 5116 civitatis
1117 5050 1156 5116 de
1180 5051 1360 5116 huiusmodi
1385 5051 1591 5117 divisionibus
1616 5052 1727 5117 iacere
1752 5057 1784 5118 et
1807 5051 1999 5139 adimplere.

551 5157 594 5222 ut
617 5156 762 5222 eamdem
784 5156 990 5223 traditionem
1014 5159 1080 5243 ipsc
1104 5160 1237 5244 Sergius
1260 5159 1453 5243 Stratigotus
1477 5160 1601 5224 eteius
1625 5160 1763 5225 heredes
1795 5161 1855 5245 ipsi
1880 5161 2003 5246 Sergio

521 5343 526 5364 ,
550 5261 771 5330 Tramontano
795 5271 827 5330 et
849 5265 934 5331 illius
959 5265 1130 5332 heredibus
1155 5286 1255 5349 usque
1279 5268 1362 5350 ipsos
1386 5285 1488 5330 anuos
1512 5268 1687 5353 completos
1710 5266 1750 5331 ab
1774 5266 1920 5332 omnibus
1943 5267 2002 5334 ho-

550 5371 686 5438 minibus
709 5371 892 5440 defendant.
919 5373 960 5439 Et
983 5391 1043 5458 per
1065 5374 1324 5439 convenientiam
1348 5375 1415 5458 ipse
1432 5373 1625 5460 Stratigotus
1640 5373 1789 5460 guadiam
1806 5375 1864 5459 ipsi
1880 5375 1998 5460 Sergio

549 5479 765 5548 Tramontauo
796 5479 883 5546 dedit
906 5485 938 5545 et
960 5477 1180 5546 fideiussorem
1212 5481 1240 5544 ei
1272 5481 1376 5565 posuit
1400 5479 1606 5546 Ademarium
1637 5481 1807 5554 notarium,
1837 5476 1937 5546 illium
1963 5501 1995 5568 q.
