4460 6306
571 629 617 704 72
1103 654 1268 704 00000000
1291 655 1488 704 mensura

570 870 745 937 observare
764 875 801 936 et
830 890 896 936 non
927 872 1165 945 contravenire,
1190 891 1251 936 nec
1281 869 1437 938 adversus
1461 891 1500 936 ea
1530 891 1612 956 quae
1644 873 1877 960 praeleguntur
1903 877 2017 938 contra

571 979 690 1046 ducere
713 978 765 1044 vel
789 979 981 1044 calumniam
1004 998 1153 1054 movere;
1170 976 1254 1062 quod
1277 980 1304 1044 si
1328 985 1444 1046 contra
1466 979 1583 1046 fecerit
1604 1000 1665 1065 per
1688 981 1787 1066 ipsius
1806 981 1961 1048 Guadiam
1984 985 2017 1062 et

570 1085 789 1152 fideiussorem
805 1085 970 1172 praedicta
986 1085 1138 1172 obligavit
1153 1106 1189 1151 se
1205 1105 1399 1172 componere
1415 1086 1499 1152 dicto
1515 1089 1720 1161 monasterio,
1738 1090 1866 1154 nomine
1883 1107 2013 1175 poenae,

569 1195 763 1280 Augustales
785 1196 857 1258 auri
880 1195 913 1260 X
937 1200 1069 1280 propter
1092 1213 1228 1280 poenam
1251 1195 1401 1281 precarii,
1429 1201 1462 1262 01
1484 1195 1650 1281 praedicta
1677 1198 1784 1262 omnia
1808 1197 2015 1262 nihilominus

570 1301 798 1368 inviolabiliter
820 1301 1005 1367 observare.
1031 1301 1122 1368 Unde
1145 1301 1185 1367 01
1208 1301 1351 1369 futuram
1374 1304 1560 1368 memoriam
1585 1308 1619 1368 et
1641 1302 1716 1368 dicti
1736 1306 1922 1368 monasterii
1946 1325 2017 1370 cau·

569 1409 667 1476 telam
689 1429 845 1495 praesens
867 1408 1029 1495 publicum
1053 1411 1302 1477 instrumentum
1326 1410 1443 1476 exinde
1468 1430 1528 1496 per
1550 1391 1664 1476 manus
1694 1411 1756 1476 mei
1781 1411 1934 1477 Sinibaldi
1958 1433 2016 1499 pu·

570 1516 644 1602 plici
668 1515 768 1583 Iohae
791 1517 906 1581 notarii
931 1515 1048 1582 exinde
1071 1517 1190 1582 factum
1215 1522 1247 1583 et
1270 1517 1363 1582 solito
1387 1537 1458 1582 meo
1481 1519 1575 1602 signo
1598 1519 1757 1604 signatum
1783 1518 2016 1606 subscriptione

570 1625 671 1690 nostri
694 1627 748 1710 qui
771 1644 869 1709 supra
891 1624 1004 1690 iudicis
1036 1632 1069 1692 01
1097 1624 1234 1690 aliorum
1266 1626 1394 1691 testium
1418 1625 1647 1712 muniminibus
1674 1625 1860 1692 roboratum
1891 1629 1924 1692 in
1954 1647 2015 1711 quo
2082 1703 2086 1710 ¹

566 1731 705 1800 deletum
729 1737 777 1796 est
800 1733 832 1796 in
856 1737 970 1797 octava
993 1732 1081 1797 linea
1103 1731 1157 1798 ubi
1181 1732 1299 1798 dicitur
1323 1732 1440 1799 iudicis
1456 1739 1489 1798 et
1504 1735 1590 1799 inter
1605 1734 1885 1824 virgulasllegitur
1909 1734 2013 1810 habet,

571 1839 654 1925 quod
677 1859 741 1904 non
765 1844 889 1913 noceat,
910 1859 982 1905 cum
1006 1840 1047 1904 sit
1069 1860 1130 1925 per
1153 1860 1204 1904 me
1229 1841 1395 1906 Notarium
1419 1841 1631 1906 emendatum.
1656 1877 1700 1890 -
1724 1841 1904 1908 Sinibaldus
1927 1848 2014 1908 0010-

571 1949 647 2012 0100.
672 1945 701 2034 -1-
725 1947 856 2031 Signum
880 1948 987 2012 crucis
1010 1948 1161 2032 propriae
1184 1967 1298 2013 manus
1322 1946 1439 2013 Iudicis
1456 1948 1591 2014 Henrici
1615 1948 1758 2015 scribere
1773 1950 1955 2016 nescientis.
1972 1987 2014 1999 -

571 2058 640 2142 Ego
663 2055 824 2142 presbiter
848 2059 984 2122 loannes
1008 2055 1048 2120 de
1072 2057 1237 2120 Beneoasa
1260 2056 1314 2139 qui
1344 2057 1434 2121 testis
1465 2057 1598 2121 interfui
1630 2061 1663 2122 01
1685 2076 1736 2121 me
1766 2056 1947 2142 subscripsi.
1972 2094 2014 2106 -

570 2161 755 2252 †Signum
778 2164 885 2228 crucis
915 2164 1068 2248 propriae
1098 2183 1211 2228 manus
1242 2162 1366 2248 Tipaldi
1397 2162 1436 2228 de
1467 2164 1593 2230 Stratis·
1625 2197 1669 2212 -
1699 2163 1884 2251 †Signum
1909 2166 2015 2232 crucis

569 2272 720 2358 propriae
743 2290 856 2338 manus
881 2269 1015 2336 Corradi
1039 2269 1079 2336 de
1103 2271 1226 2368 Stratis.

654 2375 830 2466 [Archioio
853 2375 944 2445 dello
966 2377 1080 2444 Badio
1103 2377 1141 2445 di
1167 2377 1269 2445 Gaea.
1294 2377 1384 2444 Arca
1407 2378 1528 2452 LVIII,
1554 2397 1586 2444 n.
1610 2374 1681 2466 30].

1254 2701 1331 2766 Xll.

545 2931 546 2936 ’
652 2921 691 2984 10
714 2919 844 2982 nomine
867 2915 922 2982 dni
946 2917 1002 2982 Dei
1025 2917 1168 2982 aeternis
1199 2921 1232 2984 et
1255 2917 1431 2983 Salvamris
1461 2917 1565 2983 nostri
1596 2920 1671 2983 Iesu
1694 2917 1823 2984 Christi.
1848 2917 1944 2984 Anno
1973 2920 2013 2987 ab

567 3025 789 3092 incarnatione
813 3025 881 3090 eius
908 3024 993 3090 1305
1016 3029 1049 3089 et
1070 3025 1151 3090 XXI
1177 3043 1262 3089 anno
1287 3026 1379 3109 regni
1403 3023 1521 3090 domini
1545 3026 1647 3090 nostri
1669 3025 1783 3090 Karoli
1807 3026 1938 3092 secundi
1957 3029 2010 3093 Dei

567 3134 672 3222 gratia
689 3132 893 3198 Hierusalem
917 3137 949 3198 et
973 3132 1098 3198 Siciliae
1123 3131 1342 3217 gloriosissimi
1367 3134 1453 3217 regis
1477 3137 1527 3198 etc
1530 3182 1582 3196 .....
1601 3134 1642 3198 Et
1658 3135 1761 3218 primo
1776 3153 1861 3199 anno
1882 3134 2012 3200 dominii

567 3241 606 3306 10
630 3241 759 3306 01011010
782 3241 910 3307 Salerni
933 3239 986 3306 dni
1010 3241 1110 3306 nostri
1135 3239 1186 3306 dni
1215 3238 1368 3304 Robberti
1393 3241 1598 3325 primogeniti
1622 3239 1698 3306 dicti
1722 3239 1775 3305 101
1800 3244 1903 3308 nostri
1928 3244 2013 3328 regis

567 3354 618 3414 etc
621 3398 683 3413 ......
710 3349 767 3413 Die
790 3349 871 3414 XXI
895 3348 1014 3413 mensis
1038 3348 1145 3412 martii
1170 3349 1219 3413 lli
1243 3346 1425 3412 indictionis
1448 3347 1531 3432 apud
1557 3347 1736 3414 Salernum.
1762 3349 1848 3415 Ante
1879 3369 1931 3416 me
1961 3353 2011 3415 la-

566 3456 680 3524 cobum
703 3455 743 3521 de
768 3457 879 3542 Ugone
903 3455 1054 3524 Iudicem,
1078 3453 1304 3540 praesentibus
1334 3454 1397 3519 dno
1422 3455 1592 3519 Guillelmo
1624 3457 1748 3528 comite,
1774 3455 1884 3522 Iudice
1914 3458 2011 3525 milite

567 3563 711 3646 Mattheo
735 3563 885 3649 Goppula,
920 3562 1035 3628 100010
1060 3562 1182 3628 Gemite
1212 3559 1278 3626 11110
1309 3581 1339 3646 q.
1369 3561 1476 3627 iacobi
1509 3568 1542 3628 et
1572 3563 1717 3662 Accupso
1747 3562 1907 3631 bonafede
1944 3567 2012 3632 cive

566 3672 703 3742 Salerni,
728 3669 862 3736 testibus
887 3669 1128 3736 subscribendis
1151 3674 1183 3734 01
1204 3669 1245 3734 01
1268 3669 1331 3734 100
1354 3669 1539 3754 specialiter
1563 3671 1694 3756 rogatis.
1714 3671 1873 3756 Magister
1897 3671 2012 3738 Petrus

565 3780 619 3864 qui
643 3777 760 3844 dicitur
783 3777 822 3842 de
846 3777 916 3846 Ala.
941 3774 1025 3842 filius
1049 3797 1077 3860 q.
1105 3777 1354 3849 Bartholomaei,
1380 3777 1569 3842 coniunctus
1592 3782 1642 3842 est
1665 3797 1738 3842 cum
1762 3776 1868 3846 fratre
1893 3781 2012 3846 100000

566 3887 605 3952 10
630 3875 772 3970 Neapoli,
798 3886 914 3950 Priore
938 3883 1105 3950 ll'cclesiae
1121 3884 1152 3950 S.
1171 3884 1275 3948 Maria
1298 3883 1337 3948 de
1361 3885 1471 3969 Dopno
1496 3884 1535 3948 de
1551 3884 1697 3958 Salerno,
1715 3905 1797 3968 quae
1820 3905 1893 3951 cum
1909 3889 2011 3951 omni·

564 3994 624 4061 bus
647 3992 744 4060 rebus
768 3993 836 4058 eius
860 3992 996 4059 Gavensi
1020 3992 1213 4056 monasterio
1237 3991 1377 4075 pertinet
1399 4011 1438 4056 ac
1458 3990 1602 4056 subiecta
1625 3996 1681 4064 est,
1711 3999 1924 4076 procuratore
1948 4001 2010 4060 010-

565 4107 633 4167 1010
657 4106 689 4166 01
712 4100 859 4165 00110010
882 4099 922 4164 01
946 4098 1008 4164 100
1032 4117 1091 4183 000
1117 4097 1339 4163 Reverendum
1373 4099 1405 4162 in
1434 4098 1561 4164 Christo
1587 4099 1718 4164 Patrem
1752 4101 1787 4164 D.
1814 4100 2011 4168 Robbertum

566 4210 623 4274 Dei
654 4209 760 4294 gratia
791 4206 1022 4272 Venerabilem
1053 4204 1209 4270 Abbatem
1234 4205 1311 4270 dicti
1342 4205 1528 4270 monasterii
1560 4210 1592 4270 01
1623 4211 1840 4272 conventuum
1872 4208 2010 4274 eiusdem

566 4316 764 4382 Monasterii.
791 4316 927 4379 Etcum
951 4315 1076 4378 notario
1101 4313 1286 4379 Constantio
1313 4313 1421 4377 Punzo
1445 4311 1485 4377 de
1510 4312 1606 4386 Cava,
1620 4310 1686 4377 filio
1703 4333 1732 4396 q.
1751 4314 1923 4380 Guillelmi.
1943 4318 2012 4402 Ipse

564 4429 673 4489 tamen
698 4422 794 4487 Prior
817 4426 849 4486 et
872 4426 1072 4505 procurator.
1097 4421 1227 4485 nomine
1251 4439 1313 4503 quo
1337 4438 1446 4503 supra,
1473 4425 1505 4484 et
1528 4420 1596 4505 ipse
1615 4421 1770 4504 magister
1786 4421 1914 4487 Petrus.
1932 4424 2012 4488 sicut

566 4531 596 4595 ei
618 4529 738 4615 placuit
761 4533 794 4592 et
816 4547 993 4612 congruum
1018 4527 1087 4596 fuit,
1112 4532 1235 4610 sponte.
1261 4545 1320 4611 per
1344 4527 1601 4591 convenientiam
1624 4546 1683 4612 per
1714 4526 1800 4592 hanc
1831 4529 2009 4595 chartulam

564 4635 710 4703 vendidit
734 4639 769 4702 et
790 4634 924 4700 tradidit
946 4632 1110 4720 praedicto
1135 4634 1244 4698 Priori
1268 4638 1301 4698 01
1325 4634 1537 4717 procuratori,
1552 4635 1681 4698 nomine
1704 4653 1767 4718 quo
1797 4654 1905 4720 supra,
1932 4637 2011 4702 inte·

565 4765 641 4832 gras
663 4748 732 4810 tres
754 4747 864 4827 000100
887 4760 946 4826 000
976 4740 1121 4810 indiviso,
1155 4744 1188 4807 01
1217 4741 1276 4826 1001
1308 4741 1434 4804 0010010
1458 4739 1643 4804 0000100110
1676 4741 1832 4824 reliquam
1864 4747 2009 4826 quartam

564 4856 689 4938 partem
712 4850 860 4915 similiter
882 4867 942 4933 pro
966 4847 1100 4912 indiviso
1124 4847 1164 4912 de
1187 4848 1315 4932 integra
1336 4851 1427 4910 terra
1443 4866 1516 4911 cum
1539 4846 1657 4912 oliveto
1681 4851 1713 4912 et
1736 4846 1808 4913 aliis
1832 4848 2009 4914 fructiferis

479 5019 482 5025 ,
563 4957 742 5030 arboribus,
767 4957 853 5022 intra
876 4975 969 5039 quem
994 4973 1088 5020 casae
1114 4953 1292 5019 fabricatae
1319 4954 1436 5038 partim
1452 4960 1627 5019 terraneae
1651 4964 1685 5019 01
1706 4955 1824 5039 partim
1841 4955 2008 5028 soleratas.

562 5070 745 5151 trappetum
768 5069 800 5130 et
822 5061 886 5128 alia
909 5058 1055 5126 aedificia
1077 5066 1264 5127 constructa
1287 5064 1377 5136 sunt';
1402 5079 1498 5145 qnam
1522 5059 1582 5125 sibi
1606 5060 1689 5124 idem
1711 5062 1868 5146 magister
1893 5063 2009 5128 Petrus

563 5173 729 5261 pertinere
752 5170 833 5237 dixit
856 5170 935 5234 foris
958 5169 1044 5234 hanc
1067 5169 1304 5235 Salernitanam
1327 5165 1489 5234 civitatem
1514 5169 1548 5233 in
1571 5167 1642 5232 1000
1666 5169 1791 5240 Veteri,
1823 5188 1923 5254 prope
1948 5170 2009 5235 Ec·

562 5281 696 5348 clesiam
718 5279 749 5346 S.
776 5277 929 5342 Iohannis
953 5275 993 5341 de
1017 5275 1129 5341 eodem
1151 5275 1233 5340 loco.
1252 5274 1342 5350 Quae
1365 5275 1516 5340 videlicet
1538 5281 1630 5340 terra
1653 5295 1725 5339 cum
1749 5275 1868 5341 oliveto
1892 5281 1926 5344 01
1939 5276 2010 5342 aliis

563 5387 744 5454 fructiferis
766 5382 936 5450 arboribus
965 5403 985 5448 0
1014 5389 1107 5468 00010
1137 5383 1364 5467 septentrionis
1395 5383 1448 5445 via
1480 5381 1615 5467 publica,
1641 5402 1660 5446 0
1690 5388 1783 5467 00010
1813 5384 1948 5449 00100110
1971 5381 2008 5448 01

564 5513 619 5564 res
640 5491 797 5582 praedicti
821 5490 1019 5564 Monasterii,
1044 5510 1064 5556 a
1086 5493 1178 5576 parte
1209 5487 1354 5554 meridiei
1385 5488 1425 5554 ad
1455 5489 1530 5555 litus
1561 5491 1659 5554 maris
1690 5495 1723 5556 et
1752 5509 1772 5554 0
1802 5497 1896 5576 00010
1926 5491 2010 5557 occi·
