4460 6306
1003 649 1168 696 GIOVANNI
1191 649 1385 696 ABIGNENTE

1173 1079 1216 1144 11.

555 1294 593 1359 ln
617 1295 746 1358 nomine
769 1293 823 1358 dni
847 1295 950 1359 nostri
973 1295 1065 1358 ihesu
1090 1293 1219 1359 Christi.
1246 1296 1341 1357 Anno
1357 1292 1398 1357 ab
1413 1293 1637 1357 incarnatione
1662 1293 1730 1356 eius
1748 1288 1916 1355 millesimo

469 1401 644 1465 centesimo
668 1403 902 1487 septuagesimo
926 1405 1040 1467 octavo
1058 1406 1090 1465 et
1105 1399 1331 1466 terciodecimo
1348 1420 1433 1465 anno
1452 1401 1542 1485 regni
1560 1399 1613 1465 dui
1630 1399 1732 1464 nostri
1754 1397 1916 1464 Guilielmi

469 1508 571 1572 sicilie
596 1513 628 1572 et
651 1509 758 1572 Ytalie
782 1508 1005 1593 gloriosissimi
1030 1510 1117 1594 regis
1135 1513 1166 1573 et
1182 1507 1369 1572 duodecimo
1393 1528 1478 1572 anno
1502 1506 1727 1573 dominationis
1743 1505 1796 1570 dni
1814 1507 1916 1570 nostri

468 1615 532 1679 viri
556 1615 649 1679 valde
673 1614 867 1680 venerabilis
891 1615 1025 1681 secundi
1049 1616 1208 1680 romualdi
1240 1615 1291 1680 dei
1321 1616 1427 1701 gratia
1450 1615 1644 1681 salernitani
1668 1614 1913 1698 archiepiscopi,

470 1740 581 1786 mense
604 1722 788 1787 novembris
812 1724 877 1788 XII
902 1722 1085 1788 indictione.
1116 1723 1202 1789 Ante
1226 1743 1277 1786 me
1301 1721 1510 1788 ademarium
1534 1721 1671 1787 iudicem
1696 1725 1806 1804 petrus
1829 1717 1914 1785 filius

470 1846 499 1911 q.
524 1830 607 1914 petri
630 1831 684 1913 qui
707 1828 747 1894 de
771 1829 912 1894 iohanne
935 1830 974 1894 de
998 1829 1105 1916 guydo
1138 1829 1255 1894 dicitur
1286 1834 1318 1893 et
1342 1830 1530 1894 coniunctus
1562 1833 1611 1894 est
1641 1848 1714 1893 curn
1738 1827 1800 1892 dno
1824 1846 1914 1892 cosso

467 1934 582 2000 abbate
606 1941 638 2001 61
673 1936 778 2002 baiulo
813 1939 1023 2022 suprascripti
1055 1938 1110 2002 dni
1141 1939 1245 2002 nostri
1276 1936 1510 2021 archiepiscopi
1542 1941 1574 2000 et
1605 1935 1707 2021 golias
1742 1955 1915 2019 germanus

469 2045 567 2128 ipsius
591 2046 673 2129 petri
698 2049 731 2110 et
753 2035 837 2109 filius
861 2046 1070 2130 suprascripti
1101 2046 1183 2130 petri
1208 2045 1399 2109 coniunctus
1431 2049 1480 2110 est
1510 2065 1582 2109 cum
1611 2049 1703 2129 petro
1727 2049 1915 2108 staccarone

470 2152 603 2235 stratigo
627 2153 742 2216 montis
767 2151 896 2217 Gorbini
921 2202 972 2214 .....
998 2159 1030 2218 61
1053 2153 1135 2216 61611
1158 2153 1217 2235 ipsi
1242 2153 1326 2238 gotie
1351 2172 1527 2237 congruum
1553 2151 1615 2216 1111
1630 2157 1743 2236 sponte
1768 2170 1827 2236 per
1842 2169 1916 2213 con·

467 2258 663 2323 venientium
687 2279 746 2344 per
770 2259 854 2324 itanc
878 2259 1060 2324 chartulam
1077 2258 1228 2324 vendidit
1239 2261 1298 2343 ipsi
1315 2263 1407 2343 petro
1425 2261 1560 2343 stratigo
1585 2279 1644 2342 pro
1669 2262 1761 2343 parte
1777 2257 1915 2322 ecclesie

469 2365 578 2431 Sancti
603 2366 757 2430 Matthaei
781 2366 900 2430 domini
925 2373 957 2431 et
980 2367 1107 2450 patroni
1132 2367 1233 2432 nostri
1257 2367 1452 2430 salernitani
1473 2367 1614 2451 episcopi
1638 2371 1706 2430 tres
1729 2370 1837 2451 partes
1851 2413 1913 2428 ......

470 2521 710 2536 ......................
736 2471 775 2537 (16
799 2493 863 2538 una
887 2474 978 2557 pecta
1002 2473 1041 2538 de
1065 2480 1156 2538 terra
1180 2493 1252 2538 cum
1276 2474 1371 2538 olivis
1395 2477 1428 2539 et
1449 2479 1517 2538 tota
1540 2494 1604 2538 una
1627 2493 1703 2538 casa
1726 2472 1845 2537 frabita
1862 2522 1913 2546 .,...

469 2579 502 2642 in
525 2578 599 2660 locu
618 2579 764 2644 lintisciti
789 2629 851 2642 ......
877 2598 972 2663 quarn
996 2579 1077 2644 dixit
1100 2580 1159 2645 sibi
1184 2583 1408 2664 pertinere
1434 2600 1496 2664 que
1519 2586 1587 2648 tota
1662 2601 1735 2644 cum
1760 2581 1829 2665 ipsa
1840 2597 1916 2644 casa

470 2689 503 2750 et
526 2705 585 2770 per
607 2685 666 2751 has
690 2685 770 2751 fines
794 2691 826 2752 et
849 2706 1016 2752 mensuras
1033 2689 1114 2753 iusto
1131 2708 1223 2772 passo
1240 2688 1379 2753 hominis
1396 2693 1588 2752 mensurata.
1609 2687 1658 2751 Ab
1682 2687 1817 2752 orientis
1832 2691 1914 2751 eto...

470 2790 631 2879 (seguono
655 2795 667 2858 i
690 2793 836 2880 coofioi).
864 2795 1000 2878 Reliqua
1023 2815 1102 2859 vero
1127 2792 1235 2882 [pars]
1261 2805 1293 2861 et
1317 2797 1343 2860 si
1367 2795 1441 2879 quid
1465 2797 1498 2859 in
1523 2797 1593 2880 ipsa
1616 2815 1691 2860 casa
1714 2797 1743 2858 ei
1760 2794 1916 2880 pertinuit

470 2903 707 2987 suprascriptus
731 2909 842 2986 petrus
865 2921 1039 2988 germanus
1062 2903 1122 2986 ipsi
1138 2903 1222 2987 gotie
1239 2903 1354 2987 optulit
1371 2909 1402 2967 et
1418 2902 1552 2969 tradidit
1575 2923 1633 2987 pro
1658 2902 1793 2967 salutem
1810 2903 1916 2964 anime

470 3027 528 3073 sue
552 3012 585 3073 et
599 3015 768 3093 parentum
793 3027 925 3074 suorum
950 3030 1022 3075 cum
1039 3008 1204 3075 boluntate
1221 3015 1386 3074 marociae
1402 3011 1514 3074 uxoris
1538 3029 1615 3074 suae
1639 3010 1797 3095 ecclesiae
1813 3010 1917 3074 sancti

471 3116 636 3180 Matthaei.
661 3153 704 3166 —
728 3118 807 3182 Cum
831 3116 976 3182 omnibus
1000 3135 1061 3200 que
1086 3119 1173 3181 intra
1188 3118 1257 3203 ipsa
1273 3117 1421 3182 vendicio
1445 3121 1477 3183 et
1493 3116 1616 3181 oblacio
1633 3123 1707 3182 suut
1730 3117 1916 3200 cunctisque

470 3224 536 3288 suis
559 3226 761 3308 pertinentiis
786 3230 819 3288 et
842 3244 913 3288 cum
937 3226 1008 3289 vice
1032 3223 1071 3288 de
1095 3226 1155 3289 viis
1176 3227 1251 3289 suis.
1271 3225 1319 3288 Ea
1336 3225 1466 3288 racione
1483 3229 1518 3289 ut
1533 3225 1661 3310 integra
1684 3226 1753 3309 ipsa
1769 3223 1916 3289 vendicio

472 3335 504 3395 et
526 3330 650 3396 oblacio
674 3351 801 3416 semper
824 3333 866 3397 sit
881 3333 913 3394 in
937 3335 1095 3415 potestate
1111 3333 1323 3417 suprascripti
1339 3332 1392 3396 diri
1409 3333 1510 3398 nostri
1534 3332 1769 3416 archiepiscopi
1794 3338 1827 3396 61
1840 3351 1916 3415 par-

470 3437 556 3504 tibus
579 3439 723 3522 predicte
747 3439 883 3504 ecclesie
908 3446 940 3503 et
962 3439 1061 3502 liceat
1084 3441 1302 3524 suprascripto
1327 3438 1453 3503 domiuo
1485 3445 1595 3504 nostro
1618 3439 1861 3524 archiepiscopo
1884 3441 1917 3502 et

470 3544 614 3630 partibus
637 3547 855 3630 suprascripte
879 3547 1015 3610 ecclesie
1039 3566 1167 3630 semper
1183 3545 1222 3610 (16
1239 3548 1284 3610 616
1301 3545 1412 3610 facere
1428 3545 1511 3629 quod
1536 3547 1706 3611 voluerint.
1726 3547 1768 3610 Et
1783 3550 1916 3631 propter

471 3650 744 3718 confirmationem
768 3653 862 3718 huius
886 3653 1078 3718 venditionis
1104 3656 1171 3738 ipse
1195 3654 1296 3739 golias
1321 3653 1404 3718 dixit
1418 3674 1452 3717 se
1471 3655 1631 3738 recepisse
1655 3674 1674 3718 a
1697 3655 1916 3738 suprascripto

472 3759 533 3826 dno
557 3766 667 3825 nostro
702 3760 946 3844 archiepiscopo
983 3765 1135 3826 statutum
1171 3761 1315 3846 precium
1349 3760 1501 3825 videlicet
1535 3765 1723 3827 tarenorum
1747 3761 1917 3846 sexaginta

472 3870 608 3951 quatuor
632 3868 791 3952 presentis
881 3872 1009 3932 monete
1032 3868 1229 3932 salernitane
1246 3869 1384 3932 civitatis
1400 3869 1434 3932 in
1458 3871 1544 3933 omui
1567 3867 1807 3934 deliberatione.
1826 3867 1917 3933 Unde

470 3993 529 4060 per
553 3975 809 4040 convenientiam
833 3975 900 4058 ipse
923 3973 1029 4059 golias
1054 3974 1201 4058 guadiam
1227 3977 1447 4059 suprascripto
1471 3981 1563 4059 petro
1587 3977 1722 4062 stratigo
1747 4025 1831 4040 ........
1856 3994 1916 4059 pro

470 4089 563 4168 parte
586 4085 803 4168 suprascripte
827 4082 964 4146 ecclesie
981 4081 1068 4146 dedit
1083 4087 1115 4146 61
1131 4079 1337 4146 fideiussores
1353 4102 1412 4166 per
1428 4083 1513 4147 illius
1528 4089 1620 4168 parte
1643 4084 1748 4168 posuit
1763 4104 1798 4148 se
1814 4085 1917 4169 ipsum

471 4194 503 4254 et
526 4169 723 4254 iannoiinum
748 4188 846 4253 filium
872 4209 900 4272 q.
926 4189 1035 4254 Sarac.
1070 4186 1177 4274 [deest
1202 4186 1344 4275 nomen]
1376 4195 1491 4274 petrus
1522 4189 1669 4276 guadiam
1692 4190 1798 4255 abbati
1826 4209 1917 4256 cosso

469 4316 528 4382 pro
546 4301 637 4381 parte
661 4298 881 4382 suprascripte
898 4297 1037 4361 ecclesie
1053 4295 1145 4360 dedit
1159 4300 1191 4360 et
1207 4293 1428 4360 fideiussorem
1445 4298 1513 4362 eius
1529 4318 1588 4382 pro
1604 4298 1691 4362 illius
1707 4303 1800 4384 parte
1816 4298 1920 4383 posuit

471 4405 630 4487 seipsum
654 4410 687 4469 et
709 4423 769 4489 per
791 4404 876 4487 ipsas
900 4401 1032 4487 guadias
1057 4403 1118 4487 ipsi
1143 4404 1289 4488 germani
1314 4403 1540 4488 obligaverunt
1564 4425 1598 4468 se
1630 4409 1662 4469 et
1684 4425 1759 4470 suos
1782 4403 1918 4469 heredes

465 4530 598 4595 semper
622 4509 795 4576 defendere
819 4511 1038 4596 suprascripto
1063 4517 1126 4573 dno
1160 4515 1270 4573 nostro
1299 4512 1542 4597 archiepiscopo
1575 4519 1607 4576 et
1637 4512 1781 4597 partibus
1805 4531 1918 4598 supra-

471 4617 590 4701 scripte
613 4616 749 4680 ecclesia
773 4617 935 4702 integrum
962 4616 1040 4680 illud
1068 4614 1151 4698 quod
1175 4616 1204 4679 ei
1228 4621 1263 4680 ut
1287 4619 1562 4702 suprascriptum
1587 4623 1643 4690 est,
1669 4623 1701 4682 et
1725 4620 1793 4703 ipse
1817 4617 1918 4703 golias

471 4722 613 4788 vendidit
636 4729 668 4788 et
695 4723 777 4807 quod
802 4725 869 4807 ipse
892 4731 1004 4808 petrus
1028 4722 1143 4786 obtulit
1165 4721 1205 4785 ab
1238 4723 1383 4788 omnibus
1408 4725 1588 4789 hominibus
1613 4730 1645 4791 et
1667 4725 1852 4790 tribuerunt
1871 4725 1917 4790 eis

470 4829 633 4895 licentiam
659 4835 692 4895 ut
717 4829 842 4913 quando
866 4831 1106 4915 suprascriptus
1129 4829 1210 4894 dirus
1226 4836 1339 4894 noster
1355 4831 1616 4916 archiepiscopus
1634 4832 1684 4896 vel
1702 4833 1770 4897 eius
1789 4851 1921 4898 succes-

471 4957 561 5002 sores
585 4945 617 5003 et
640 4941 748 5022 partes
772 4939 990 5023 suprascripte
1019 4938 1159 5002 ecclesie
1182 4939 1345 5002 voluerint
1374 4943 1564 5024 potestatem
1588 4939 1729 5005 habeant
1751 4940 1829 5004 illud
1859 4959 1918 5024 per

470 5065 505 5110 66
529 5044 703 5110 defendere
727 5045 865 5128 qualiter
889 5046 1062 5110 voluerint
1086 5065 1157 5110 cum
1181 5045 1327 5110 omnibus
1343 5047 1567 5112 muniminibus
1592 5053 1624 5111 61
1648 5047 1824 5112 rationibus
1840 5067 1918 5130 quas

469 5151 509 5218 de
534 5173 571 5218 eo
595 5153 809 5218 ostenderent.
836 5153 862 5217 E
901 5155 928 5219 si
952 5154 1037 5218 sicut
1062 5154 1210 5238 superius
1234 5154 1387 5238 scriptum
1413 5159 1461 5218 est
1492 5155 1550 5239 ipsi
1574 5156 1720 5238 germani
1744 5160 1776 5219 et
1807 5175 1916 5218 eorum

470 5259 606 5324 heredes
630 5280 694 5325 non
718 5260 966 5346 adimpleverint
989 5266 1022 5325 et
1045 5261 1268 5346 suprascripta
1290 5261 1343 5324 vel
1367 5281 1409 5324 ex
1433 5261 1479 5325 eis
1500 5259 1654 5345 quidquid
1678 5283 1847 5327 removere
1863 5267 1918 5326 aut

469 5367 692 5433 contradicere
715 5369 968 5454 presumpserint
990 5388 1049 5453 per
1073 5370 1157 5453 ipsas
1181 5367 1317 5453 guadias
1341 5367 1566 5452 obligaverunt
1582 5390 1616 5434 66
1633 5375 1665 5434 61
1688 5391 1762 5435 suos
1777 5369 1918 5435 heredes

470 5493 663 5559 componere
678 5477 895 5560 suprascripto
911 5475 973 5540 dito
989 5481 1099 5539 nostro
1115 5475 1356 5561 archiepiscopo
1370 5477 1419 5540 vel
1434 5477 1501 5540 eius
1518 5478 1755 5542 successoribus
1767 5479 1819 5542 161
1841 5497 1916 5564 par·
