4460 6306
587 681 629 730 aa
653 681 898 730 consuarumnr
923 680 1062 728 manrra
1086 681 1121 729 n1
1145 671 1296 727 sarrano
1619 655 1663 724 69

221 899 305 964 ctam
336 915 440 960 meam
472 893 688 959 venditionem
720 900 753 959 et
783 893 877 959 fustis
908 893 1113 958 traditionem
1136 891 1312 958 defendere
1343 895 1376 956 et
1405 889 1593 975 guareutire
1615 905 1663 956 se

221 1002 358 1070 cundum
382 1003 487 1088 legem
511 1000 601 1067 vobis
625 1000 797 1068 debeamus
812 1021 841 1086 q.
858 1003 884 1064 si
908 1001 1080 1066 noluissem
1104 999 1157 1065 vel
1180 1000 1206 1065 si
1230 1018 1288 1065 uos
1312 999 1371 1083 ipsi
1398 996 1540 1081 quolibet
1568 997 1662 1064 modo

219 1111 341 1176 causati
364 1109 521 1176 fuerimus
545 1110 596 1174 vel
621 1110 683 1174 hoc
706 1109 860 1194 scriptum
884 1109 1012 1173 irritum
1042 1107 1220 1172 dixerimus
1245 1153 1441 1170 ..................
1467 1104 1541 1190 aliq.
1571 1104 1661 1171 vobis

219 1220 252 1284 in
275 1218 339 1284 hoc
369 1218 621 1283 commiserimus
652 1217 885 1302 quinquaginta
916 1215 1033 1282 solidos
1057 1215 1185 1300 regales
1209 1231 1325 1279 aureos
1348 1211 1438 1278 vobis
1466 1232 1661 1299 componere

221 1375 372 1390 ..............
397 1309 460 1390 hac
484 1344 564 1417 mea,
578 1324 762 1392 venditione
785 1329 817 1389 et
839 1323 1013 1391 traditione
1036 1343 1165 1406 semper
1187 1319 1282 1386 firma
1305 1326 1337 1386 et
1359 1319 1564 1386 immutabilis
1586 1339 1662 1406 per·

218 1453 361 1506 manere,
386 1438 503 1516 quate
526 1431 687 1527 nicolaum
711 1431 871 1517 publicum
897 1430 983 1516 logis
1007 1431 1166 1495 notarium
1190 1432 1313 1496 aarum
1337 1429 1430 1493 istam
1453 1427 1563 1493 taliter
1585 1429 1662 1494 scri·

218 1540 297 1607 bere
321 1541 443 1626 rogavi.
468 1541 584 1605 Actum
609 1544 715 1604 castro
739 1538 834 1624 logie.
860 1536 1069 1623 Feliciter.†
1092 1537 1162 1622 Ego
1178 1537 1231 1621 qui
1247 1556 1346 1622 supra
1360 1537 1538 1620 sipontinus
1553 1534 1659 1602 iudex.

219 1647 379 1732 Quidquid
410 1649 442 1712 in
474 1649 537 1712 hoc
567 1647 660 1733 ponis
684 1647 738 1713 W.
763 1644 857 1710 firmo
879 1646 1015 1731 luponis.
1040 1643 1069 1732 ἦ·
1092 1644 1178 1709 hanc
1208 1663 1338 1709 crucem
1370 1643 1456 1708 fecit.
1482 1641 1660 1730 [Guerr]isi

218 1755 399 1846 [Ad]verse
422 1753 565 1843 testis¹†
588 1756 651 1820 hoc
674 1755 799 1840 signum
824 1754 930 1818 crucis
954 1753 1017 1818 secl
1043 1801 1227 1816 .................
1253 1751 1337 1838 petri
1363 1751 1498 1816 limitani
1532 1752 1659 1824 notarii,

217 1865 320 1930 testis.
994 1907 999 1923 .

305 1969 535 2058 [Pergameae
558 1967 798 2035 dc'Monistert
820 1967 1002 2052 coppresst,
1026 1965 1328 2034 mattaratium
1352 1965 1389 2032 di
1412 1963 1504 2034 suto
1528 1965 1565 2032 dt
1587 1963 1661 2032 Na·

214 2079 300 2164 poli,
325 2079 388 2144 vol.
413 2079 475 2152 ΙΙΙ,
498 2095 530 2142 n.
555 2073 648 2164 208}

900 2398 968 2466 lx.

306 2619 346 2682 lu
368 2617 498 2680 nomine
521 2613 574 2680 dili
599 2613 649 2679 dei
674 2616 779 2681 eterni
804 2619 837 2679 et
859 2613 1029 2680 sanatoris
1052 2613 1152 2680 nostri
1177 2612 1268 2678 ihesu
1292 2611 1415 2678 christi.
1437 2611 1531 2677 Auno
1554 2610 1594 2677 ab
1617 2612 1663 2677 in-

220 2724 408 2790 carnatione
431 2724 500 2788 eius
526 2722 612 2788 1186
635 2728 668 2788 et
690 2723 738 2787 XI
763 2739 849 2786 anno
876 2722 966 2805 regni
991 2719 1148 2786 Wilielmi
1176 2719 1278 2784 sicilie
1309 2725 1341 2785 et
1363 2718 1464 2805 ytalie
1495 2718 1662 2804 gloriosis·

220 2832 290 2898 simi
315 2833 403 2918 regis
424 2849 534 2895 mense
557 2829 720 2895 decembri
744 2830 776 2895 V
799 2829 981 2894 indictione.
1006 2829 1093 2893 Ante
1124 2846 1183 2892 uos
1214 2826 1391 2892 Iohannem
1419 2831 1452 2892 et
1482 2827 1662 2893 Mattheum

221 2939 342 3027 iudices
366 2939 489 3023 Rigalis
512 2937 579 3003 lilia
602 2957 631 3022 q.
657 2935 769 3004 Gisulfi
794 2937 905 3002 iudicis
930 2955 969 3002 ac
992 2936 1107 3001 relicta
1131 2932 1280 3000 Pandulli
1303 2985 1399 3000 .........
1424 2935 1584 3020 potorthei
1609 2938 1663 3022 qui

221 3048 282 3113 luit
305 3045 389 3112 filius
411 3045 624 3111 bartholomei
648 3047 772 3110 comitis
796 3045 985 3110 coniunctus
1016 3048 1064 3108 est
1094 3063 1165 3108 cum
1199 3029 1350 3129 Rogerio‘
1370 3043 1528 3110 monacho
1551 3062 1662 3109 mona-

221 3155 312 3220 sterii
335 3155 389 3220 SS.
414 3159 448 3221 et
468 3153 632 3219 individue
654 3154 808 3218 trinitatis
832 3152 915 3237 quod
938 3157 1156 3218 constructum
1173 3159 1222 3218 est
1238 3152 1317 3218 loris
1333 3152 1418 3217 hanc
1434 3151 1662 3228 salernitanam

222 3264 384 3329 civitatem
408 3262 441 3326 in
463 3261 535 3325 loco
559 3261 732 3335 medilano,
757 3261 808 3325 cui
832 3259 978 3324 dominus
1000 3257 1256 3326 benencasedei
1279 3261 1384 3344 gratia
1406 3257 1601 3324 venerabilis
1624 3277 1662 3325 ac

222 3369 390 3454 religiosus
412 3368 511 3434 abbas
534 3374 651 3453 preest.
679 3370 752 3454 lpse
775 3374 883 3433 tamen
908 3368 1067 3452 Rogerius
1091 3387 1151 3452 pro
1175 3372 1268 3451 parte
1291 3365 1394 3432 eidem
1418 3367 1614 3432 monasterio
1630 3372 1664 3432 et

220 3478 302 3542 sicut
325 3477 384 3562 ipsi
409 3475 504 3561 rigali
529 3495 707 3561 congruum
731 3475 792 3541 ruit
814 3479 927 3558 sponte
950 3494 1010 3558 per
1033 3474 1290 3559 convenientiam
1314 3491 1373 3559 per
1397 3472 1579 3539 chartulam
1606 3472 1662 3539 ob·

222 3583 297 3651 tulit
318 3585 350 3647 in
374 3582 521 3648 manibus
544 3583 642 3668 ipsius
666 3582 798 3667 Rogerii
823 3588 855 3646 et
879 3581 907 3646 ei
922 3579 1054 3647 tradidit
1069 3600 1129 3666 pro
1144 3562 1236 3665 parte
1251 3581 1460 3665 suprascripti
1477 3582 1660 3646 monasterii

222 3697 321 3756 totum
346 3695 637 3774 quantumcumque
660 3690 720 3775 ipsi
747 3688 850 3772 Rigali
876 3689 1016 3773 pertinet
1037 3693 1102 3754 tam
1132 3689 1204 3752 iure
1232 3692 1348 3772 quarte
1371 3686 1431 3753 sibi
1455 3689 1663 3774 competentis

223 3819 281 3885 per
304 3799 411 3864 datum
435 3799 645 3882 suprascripti
669 3794 811 3882 pandulfi
834 3796 908 3860 olim
926 3797 986 3860 viri
1003 3797 1051 3860 sui
1068 3796 1131 3860 alio
1147 3795 1198 3860 die
1214 3795 1425 3882 copulationis
1441 3815 1552 3861 eorum
1569 3815 1663 3880 quam

224 3925 421 3989 quocumque
443 3905 508 3970 alio
531 3903 624 3969 modo
649 3910 681 3970 et
704 3905 784 3969 iure.
810 3903 850 3968 de
874 3903 1011 3967 ecclesia
1027 3901 1111 3968 beati
1128 3902 1249 3967 andree
1265 3901 1399 3988 apostoli
1416 3906 1448 3968 et
1464 3902 1503 3967 de
1519 3901 1664 3970 omnibus

224 4012 319 4079 rebus
342 4012 507 4078 stabilibus
523 4017 555 4077 et
576 4011 744 4076 mobilibus
767 4010 807 4076 ad
830 4011 930 4095 ipsam
954 4010 1124 4074 ecclesiam
1147 4009 1382 4095 pertinentibus
1401 4028 1463 4094 que
1479 4016 1664 4077 constructa

223 4120 373 4186 satieris
395 4119 458 4184 hac
481 4119 627 4205 predicta
650 4119 780 4183 civitate
804 4119 837 4181 in
861 4118 932 4182 loco
963 4117 1080 4184 celanti
1112 4116 1165 4183 ubi
1196 4119 1328 4203 proprie
1358 4117 1509 4184 aldanese
1533 4116 1660 4184 dicitur.

225 4228 301 4294 (lum
324 4225 471 4292 omnibus
494 4247 555 4310 que
578 4227 665 4291 intra
689 4227 790 4311 ipsam
805 4225 1004 4290 oblacionem
1021 4229 1053 4292 et
1067 4224 1273 4290 traditionem
1296 4231 1371 4290 sunt
1394 4225 1582 4308 cunctisque
1596 4226 1662 4291 suis

223 4333 425 4421 pertinentiis
449 4337 481 4398 et
505 4353 576 4398 cum
600 4333 672 4397 vice
695 4332 734 4396 de
758 4333 817 4397 viis
842 4333 915 4397 suis.
942 4333 991 4397 Ea
1014 4333 1142 4397 ratione
1173 4336 1208 4397 ut
1239 4333 1367 4416 integra
1391 4331 1460 4417 ipsa
1483 4330 1601 4398 oblatio
1632 4337 1664 4397 et
1778 4413 1785 4424 ⁸

222 4441 350 4506 traditio
373 4439 512 4525 qualiter
535 4459 633 4524 supra
657 4440 777 4526 legitur
799 4459 927 4524 semper
959 4441 999 4504 sit
1034 4440 1067 4503 in
1098 4443 1255 4523 potestate
1279 4438 1378 4524 ipsius
1409 4437 1462 4504 dui
1486 4437 1608 4505 abbatis
1632 4449 1665 4506 et

223 4568 446 4614 successorum
470 4548 538 4612 eius
562 4551 594 4613 et
616 4548 755 4632 partium
780 4547 988 4633 suprascripti
1020 4547 1206 4611 monasterii
1238 4551 1270 4610 et
1297 4547 1365 4630 ipse
1395 4544 1475 4611 dhus
1504 4544 1605 4612 abbas
1631 4553 1664 4612 et

222 4675 426 4722 successores
450 4655 517 4719 cius
541 4661 573 4720 et
596 4659 704 4738 partes
731 4653 941 4739 suprascripti
973 4655 1158 4718 monasterii
1190 4653 1352 4718 licentiam
1384 4651 1524 4719 habeant
1554 4652 1594 4719 de
1624 4672 1664 4718 ea

223 4763 333 4828 faeere
356 4761 440 4846 quod
462 4763 634 4827 voluerint.
659 4761 750 4828 Unde
774 4780 833 4845 per
857 4761 1114 4825 convenientiam
1138 4761 1207 4846 ipsa
1229 4760 1342 4845 rigalie
1365 4759 1513 4845 guadiam
1526 4761 1586 4845 ipsi
1609 4779 1662 4825 ro-

224 4872 313 4956 gorio
337 4889 396 4956 pro
420 4875 512 4953 parte
536 4869 746 4954 suprascripti
777 4868 961 4932 monasterii
994 4867 1080 4932 dedit
1111 4873 1144 4932 et
1174 4865 1396 4934 fideiussorem
1428 4867 1457 4931 ei
1488 4886 1547 4951 pro
1578 4867 1664 4932 illius

221 4983 312 5062 parte
335 4977 440 5062 posuit
462 4975 663 5059 semetipsam
681 4980 713 5041 et
728 4973 903 5040 mattheum
929 4975 1052 5059 regium
1069 4975 1229 5039 notarium
1245 4993 1434 5058 germanum
1450 4983 1542 5039 suu'm
1558 4972 1658 5040 fllium

223 5103 252 5168 q.
278 5084 488 5169 suprascripti
511 5079 616 5169 gisulfi
640 5082 761 5152 iudicis,
787 5087 819 5147 et
842 5101 901 5166 per
924 5083 1025 5166 ipsam
1049 5080 1197 5166 guadiam
1221 5083 1289 5166 ipse
1316 5080 1428 5166 rigalis
1451 5079 1605 5166 obligavit
1627 5101 1663 5146 se

223 5196 255 5257 et
277 5211 352 5257 suos
374 5189 512 5256 heredes
535 5209 663 5274 semper
686 5188 861 5254 defendere
894 5189 952 5272 ipsi
976 5187 1038 5252 duo
1061 5186 1168 5253 abbati
1200 5194 1232 5254 et
1262 5186 1501 5254 successoribus
1531 5189 1600 5254 eius
1630 5194 1664 5254 et

222 5297 365 5384 partibus
395 5297 603 5382 suprascripti
635 5296 821 5360 monasterii
850 5300 934 5360 etc...
961 5291 1076 5381 [segue
1106 5294 1139 5358 la
1164 5295 1337 5378 stipulatio
1357 5292 1516 5382 poenae]⁸
1542 5295 1662 5380 Supra-

223 5409 341 5491 seripta
364 5404 442 5470 iecit
465 5406 533 5488 ipsa
556 5404 668 5488 rigatis
692 5423 764 5466 eum
788 5402 953 5467 voluntate
969 5407 1080 5467 nostra
1104 5421 1142 5466 eo
1166 5401 1250 5485 quod
1268 5403 1300 5466 in
1317 5415 1414 5468 manu
1430 5407 1542 5468 nostra
1557 5404 1664 5488 paruit

225 5514 498 5600 unumscriptum
523 5511 606 5598 quod
631 5511 857 5596 scriptumest
886 5529 945 5595 per
973 5509 1126 5574 Alfenum
1158 5511 1318 5576 notarium
1346 5514 1379 5577 et
1409 5509 1600 5576 advocatum
1624 5509 1664 5577 de

1531 5633 1548 5668 1
