4460 6306
545 639 591 706 78
1077 661 1241 710 crovarnn
1264 660 1458 708 nnmnnnrn

542 891 655 956 passus
678 873 895 959 qnadraginta
919 879 1056 958 quatuor
1086 893 1186 958 usque
1216 872 1382 959 praedicto
1412 875 1513 958 priori
1541 871 1607 937 fini.
1634 871 1789 937 Omnibus
1818 870 1991 956 praedictis

542 981 701 1045 mensuris
723 981 813 1046 inxto
837 1001 933 1066 passu
956 982 1093 1046 hominis
1109 983 1311 1046 mensuratis.
1330 980 1409 1047 Gum
1433 981 1579 1045 omnibus
1595 998 1677 1063 quae
1701 980 1788 1046 intra
1803 980 1904 1064 ipsam
1927 985 1991 1043 tra·

544 1087 696 1154 ditionem
712 1094 796 1160 sunt,
814 1092 1002 1172 cunctisque
1019 1109 1132 1155 eorum
1148 1090 1355 1175 pertinentiis
1378 1095 1411 1155 et
1434 1109 1507 1154 cum
1523 1090 1595 1154 vioe
1619 1087 1658 1154 de
1682 1089 1829 1173 predicta
1843 1089 1896 1152 via
1911 1107 1993 1153 com·

542 1197 639 1269 muni,
665 1201 698 1260 et
720 1196 760 1261 de
783 1196 847 1261 alia
869 1198 931 1268 via,
948 1198 1039 1264 iuxta
1056 1200 1191 1269 ratione,
1210 1217 1269 1281 per
1292 1196 1473 1281 praedictas
1489 1197 1569 1262 alias
1585 1202 1692 1262 terras
1709 1197 1807 1281 ipsius
1823 1196 1989 1268 ecclesiae,

541 1321 614 1366 curn
639 1303 807 1388 praedicta
830 1304 972 1369 secunda
994 1305 1081 1389 petia
1104 1305 1301 1377 coniunctas,
1328 1303 1412 1369 unde
1435 1309 1544 1390 aptum
1575 1323 1646 1369 esse
1668 1303 1805 1370 videtur.
1833 1304 1880 1367 Ea
1903 1302 1991 1367 vide·

539 1408 618 1476 licet
639 1411 774 1483 ratione,
800 1419 836 1476 nt
857 1411 970 1476 amodo
1000 1417 1032 1476 et
1056 1430 1154 1495 usque
1187 1431 1246 1478 sex
1276 1430 1378 1478 annos
1401 1410 1576 1495 completos
1607 1411 1675 1496 ipse
1699 1409 1843 1475 Disidens
1867 1415 1900 1476 et
1923 1411 1991 1474 eius

532 1516 679 1582 ‘heredes
694 1519 854 1602 integr-arn
870 1519 971 1602 ipsam
987 1518 1203 1588 traditionem,
1220 1537 1279 1583 sna
1294 1523 1451 1603 potestate
1467 1521 1608 1587 teneant,
1627 1523 1659 1582 et
1674 1517 1839 1581 detineant
1852 1517 1987 1590 fruetus,

541 1643 715 1708 omnesque
744 1643 818 1690 suas
849 1625 1012 1699 utilitates,
1038 1627 1129 1692 iuxta
1159 1627 1295 1698 ratione,
1320 1625 1457 1700 faciant;
1482 1629 1515 1690 et
1546 1645 1656 1690 omnes
1687 1623 1822 1689 arbores
1846 1628 1879 1689 et
1901 1624 1991 1709 ligne

540 1730 681 1796 eiusdem
704 1730 886 1796 traditionis
909 1731 1052 1798 incidant
1075 1737 1107 1798 et
1132 1732 1283 1798 radicitus
1315 1732 1466 1805 evellant,
1492 1737 1525 1797 et
1547 1731 1587 1797 de
1611 1730 1785 1817 praedictis
1817 1729 1987 1797 arboribus

542 1841 576 1904 et
596 1837 716 1923 ligneis
749 1838 875 1910 exinde,
899 1844 936 1904 nt
965 1837 1083 1906 dictum
1115 1844 1173 1913 est,
1198 1841 1307 1905 incisis
1330 1845 1363 1904 et
1386 1839 1504 1904 evulsis
1535 1838 1618 1921 quod
1648 1838 1762 1906 volunt
1792 1838 1924 1904 faciant.
1951 1839 1992 1904 Et

541 1945 627 2010 intra
649 1951 753 2013 totam
776 1947 878 2031 ipsam
900 1945 1109 2016 traditionem
1131 1948 1214 2013 vites
1237 1947 1313 2012 boni
1336 1947 1448 2019 vitinei
1471 1952 1504 2012 et
1526 1946 1714 2012 fructiferos
1736 1945 1873 2012 arbores
1897 1947 1992 2013 ratio

540 2052 692 2119 nabiliter
722 2054 868 2140 plantent
897 2061 930 2120 et
953 2075 1089 2140 surgere
1121 2054 1270 2122 studeant
1293 2055 1340 2120 sic
1363 2055 1454 2120 utin
1478 2055 1644 2140 completis
1676 2055 1752 2140 ipsis
1782 2055 1876 2120 annis
1907 2055 1993 2121 intra

543 2165 643 2225 totam
670 2162 771 2246 ipsam
796 2162 1001 2227 traditionem
1025 2163 1152 2227 vineam
1176 2161 1293 2227 bonam
1316 2167 1438 2229 surtarn
1463 2161 1612 2232 habeant,
1629 2163 1711 2226 sicut
1734 2161 1774 2226 de
1796 2166 1887 2228 nnn
1910 2166 1992 2227 tem·

541 2287 620 2353 pore
644 2268 732 2333 locus
762 2269 831 2352 ipse
856 2274 1010 2334 meretur.
1037 2271 1079 2333 Et
1102 2267 1252 2352 quidquid
1277 2289 1319 2334 ex
1344 2270 1413 2354 ipsa
1436 2268 1608 2336 traditione
1640 2261 1740 2353 nsque
1772 2270 1858 2353 ipsos
1889 2288 1991 2334 annos

541 2374 716 2458 completos
740 2375 922 2440 annualiter
937 2377 1064 2445 exierit.
1083 2381 1116 2442 et
1139 2375 1260 2440 habere
1276 2377 1449 2461 potuerint,
1466 2376 1543 2440 illud
1568 2374 1627 2440 sibi
1652 2376 1792 2442 habeant
1809 2375 1991 2441 faciendum

542 2481 626 2566 quod
648 2483 818 2550 voluerint.
837 2484 879 2547 Et
902 2482 1015 2548 amodo
1039 2488 1072 2548 et
1094 2501 1195 2566 usque
1218 2485 1303 2568 ipsos
1326 2503 1428 2548 annius
1445 2484 1619 2568 completos
1644 2484 1713 2568 ipse
1729 2483 1837 2548 Abbas
1858 2485 1992 2568 eiusque

541 2609 745 2656 successores
768 2595 801 2654 et
816 2595 925 2674 partes
942 2591 1039 2674 ipsius
1058 2591 1224 2654 Ecclesiae
1242 2589 1344 2656 eidem
1364 2589 1488 2655 liisideo
1506 2596 1538 2656 et
1553 2591 1638 2655 illius
1654 2589 1828 2656 heredibus
1845 2590 1989 2656 eamdem

540 2695 747 2763 traditionem
773 2695 814 2761 ab
838 2692 984 2763 omnibus
1015 2697 1197 2762 bominibus
1228 2697 1412 2763 defendant.
1439 2697 1612 2782 Completis
1636 2718 1715 2762 vero
1746 2697 1893 2790 omnibus
1916 2699 1992 2783 ipsis

540 2805 641 2875 annis.
667 2805 735 2888 ipse
759 2802 914 2876 Disidens,
941 2805 1071 2888 eiusque
1095 2804 1234 2869 heredes
1258 2805 1344 2869 intra
1367 2811 1465 2870 totam
1490 2804 1688 2888 praedictam
1715 2805 1921 2870 traditionem
1945 2806 1990 2870 vi·

542 2930 636 2976 nearn
659 2917 791 2982 surtam.
816 2911 899 2976 sicut
923 2910 1121 2995 praedictum
1145 2917 1202 2984 est,
1229 2910 1379 2978 habeant.
1406 2913 1448 2978 Et
1470 2919 1548 2976 tunc
1571 2913 1734 2998 integram
1764 2915 1867 2998 ipsam
1891 2913 1991 2977 tradi-

541 3020 661 3085 tionem
684 3019 716 3082 in
741 3017 820 3084 duas
843 3023 963 3102 partes.
980 3019 1073 3083 iuxta
1096 3019 1232 3088 ratione,
1250 3018 1406 3089 dividant,
1431 3019 1484 3084 vel
1507 3019 1653 3084 dividere
1670 3019 1802 3084 faciant.
1819 3021 1861 3084 Et
1883 3025 1991 3104 partes

541 3125 640 3210 ipsius
665 3124 839 3199 Ecclesiae,
864 3144 924 3208 pro
949 3124 1053 3189 dietae
1079 3124 1248 3190 Ecclesiae
1271 3132 1374 3211 parte,
1400 3145 1494 3190 unam
1520 3147 1560 3192 ex
1585 3127 1662 3211 ipsis
1685 3127 1839 3211 partibus,
1864 3127 1990 3210 qualern

541 3231 713 3304 voluerint,
731 3237 856 3316 partem
881 3231 1157 3317 comprehendant
1180 3232 1220 3297 ad
1245 3232 1425 3298 faciendum
1450 3233 1534 3318 qnod
1558 3233 1728 3300 volueriut.
1748 3235 1894 3299 Alteram
1913 3253 1991 3299 vero

541 3343 666 3422 partem
696 3338 764 3422 ipse
796 3337 939 3424 Disidens
970 3342 1002 3402 et
1032 3339 1099 3404 eius
1131 3335 1269 3403 heredes
1300 3338 1449 3404 similiter
1479 3339 1765 3425 comprehendant,
1797 3339 1838 3404 ad
1868 3339 1992 3406 facien-

542 3444 616 3510 dum
640 3442 679 3510 de
703 3463 742 3509 ea
764 3445 832 3528 ipse
855 3444 1000 3510 Disidens
1024 3449 1056 3509 et
1079 3447 1147 3510 eius
1171 3445 1318 3516 heredes,
1344 3446 1377 3510 iu
1401 3445 1630 3512 subscribendo
1653 3448 1801 3518 termino,
1828 3448 1912 3530 qnod
1937 3467 1992 3511 vo·

541 3551 669 3618 luerint.
695 3551 750 3617 Sic
779 3556 887 3616 tamen
918 3556 953 3616 nt
983 3552 1009 3616 si
1042 3553 1109 3636 ipse
1141 3551 1286 3617 Disidens
1318 3559 1351 3618 et
1381 3553 1449 3618 eius
1482 3553 1621 3618 heredes
1653 3553 1833 3618 iamdictam
1866 3559 1991 3639 partem

542 3677 632 3724 suam
655 3658 707 3722 vel
731 3677 867 3723 exeam
891 3657 1033 3723 vendere
1058 3659 1111 3722 rel
1134 3658 1278 3743 quolibet
1307 3659 1401 3723 modo
1424 3660 1569 3724 alienare
1601 3666 1818 3744 praesumant,
1844 3681 1909 3726 non
1933 3661 1990 3725 ba-

542 3765 640 3832 beant
669 3770 859 3850 potestatem
891 3765 989 3838 illam,
1014 3765 1066 3830 vel
1091 3786 1133 3830 ex
1157 3785 1205 3830 ea.
1231 3767 1329 3831 alieni
1359 3765 1454 3830 alteri
1485 3767 1627 3832 vendere
1651 3767 1703 3832 vel
1727 3767 1869 3851 quolibet
1899 3768 1991 3833 modo

542 3872 696 3945 alienare,
722 3873 783 3937 nisi
808 3873 892 3957 parti
916 3873 1015 3957 ipsius
1039 3874 1206 3939 Ecclesiae
1236 3873 1315 3938 illud
1338 3874 1481 3940 vendant
1503 3881 1536 3938 et
1558 3873 1643 3942 dent.
1669 3876 1793 3958 praetio
1823 3875 1906 3958 quod
1933 3894 1993 3961 per

543 3979 653 4045 doctos
683 3980 838 4050 homines,
870 3998 982 4044 rerum
1012 3979 1171 4044 stabilium
1200 3981 1436 4065 appretiatores
1467 3981 1548 4045 iuste
1579 3979 1680 4045 fuerit
1710 3982 1938 4066 appretiatum,
1966 3983 1992 4047 si

542 4105 618 4172 pars
647 4087 745 4171 ipsius
769 4086 936 4152 Ecclesiae
967 4106 1076 4151 emere
1107 4087 1255 4156 voluerit.
1289 4093 1321 4154 et
1351 4088 1419 4172 ipse
1452 4087 1597 4153 Disidens
1629 4093 1661 4153 et
1693 4091 1761 4154 eius
1790 4088 1930 4155 heredes
1960 4095 1992 4154 et

543 4198 651 4279 partes
675 4193 772 4278 ipsius
797 4194 962 4258 Ecclesiae
986 4195 1093 4258 omnia
1116 4193 1233 4258 exinde
1257 4194 1379 4258 faciant
1402 4201 1435 4260 et
1457 4194 1657 4280 adimpleant
1680 4197 1764 4261 sient
1787 4196 1842 4261 lex
1866 4203 1898 4261 et
1921 4215 1992 4261 con-

543 4299 677 4366 suetudo
691 4300 782 4366 istius
799 4305 849 4366 est
863 4301 1002 4366 civitatis
1026 4301 1065 4364 de
1089 4299 1260 4386 obbligatis
1285 4305 1315 4365 et
1339 4301 1494 4386 tlringntis
1518 4301 1615 4367 rebus
1631 4303 1742 4367 faeere
1759 4309 1791 4368 et
1805 4302 1991 4388 adimplere.

544 4408 586 4473 Et
607 4412 774 4493 postquam
805 4408 874 4491 ipse
898 4407 1043 4473 Disidens
1066 4412 1098 4472 et
1121 4409 1190 4472 eius
1213 4407 1361 4480 heredes,
1386 4409 1584 4493 praedictam
1617 4414 1743 4494 partem
1774 4429 1874 4483 snam,
1899 4429 1993 4494 quam

543 4513 670 4588 exinde,
701 4517 736 4578 ut
767 4513 886 4580 dictum
917 4519 974 4586 est,
1000 4515 1310 4600 comprehensorint,
1336 4516 1404 4600 ipse
1429 4513 1539 4581 Abbas
1571 4517 1702 4601 eiusque
1733 4537 1939 4582 successores
1962 4521 1993 4581 et

543 4627 651 4707 partes
674 4621 774 4707 ipsius
791 4619 955 4686 Ecclesiae
978 4641 1107 4706 semper
1130 4628 1164 4689 et
1186 4623 1219 4686 in
1246 4621 1417 4706 praedicta
1437 4624 1563 4687 ratione
1587 4623 1627 4687 ab
1651 4623 1797 4689 omnibus
1812 4621 1993 4688 hominibus

543 4727 725 4798 defendant.
751 4731 784 4794 et
806 4727 932 4812 quando
956 4729 1023 4812 ipse
1048 4728 1192 4794 Disidens
1216 4733 1249 4793 et
1272 4731 1339 4793 eins
1363 4728 1503 4794 heredes
1526 4730 1700 4802 voluerint,
1725 4736 1916 4815 potestatem
1939 4730 1992 4794 ha-

541 4834 639 4901 beant
669 4835 814 4900 eamdem
844 4841 971 4919 partem
1003 4854 1093 4900 suam
1124 4854 1220 4919 qnam
1254 4837 1373 4902 exinde
1396 4842 1433 4903 ut
1455 4836 1576 4903 dictum
1608 4842 1657 4902 est
1680 4837 1989 4922 comprehenserint,

542 4947 617 5008 sunt
639 4943 673 5008 ln
695 4942 847 5008 iamdicta
870 4944 1005 5018 ratione,
1030 4963 1091 5028 per
1112 4962 1148 5007 ss
1173 4941 1348 5008 defendere
1380 4944 1522 5028 qualiter
1546 4945 1717 5019 voluerint,
1743 4965 1815 5010 eum
1847 4943 1992 5009 omnibus

541 5048 769 5116 muniminibus
792 5055 824 5114 et
848 5050 1033 5124 rationibus,
1051 5069 1129 5134 quas
1152 5048 1192 5114 de
1216 5069 1255 5115 ea
1271 5049 1487 5116 ostenderent.
1506 5052 1549 5118 Et
1571 5071 1631 5137 per
1647 5053 1908 5117 convenientiam
1925 5053 1992 5137 ipse

541 5154 646 5223 Zoffns
676 5157 930 5242 periussionem
963 5157 1061 5242 ipsius
1085 5156 1218 5223 Abbatis
1240 5177 1279 5222 ao
1303 5177 1362 5244 pro
1393 5164 1486 5245 parte
1517 5159 1616 5243 ipsius
1640 5158 1818 5233 Ecclesiae,
1843 5159 1991 5245 guadiam

541 5265 601 5351 ipsi
625 5263 752 5330 Dlsideo
775 5262 862 5329 dedit
886 5269 918 5330 et
940 5261 1159 5330 fideiussorem
1182 5265 1288 5350 posuit
1305 5264 1504 5332 Robbertum
1527 5284 1719 5351 germanum
1742 5267 1841 5352 ipsius
1857 5265 1989 5332 Abbatis

541 5391 580 5438 ac
603 5369 705 5438 fllium
734 5369 892 5459 praedicti
917 5368 1065 5437 Pandulli
1095 5372 1221 5437 comitis
1244 5377 1277 5437 et
1300 5391 1358 5458 pro
1390 5373 1459 5458 ipsa
1489 5373 1558 5460 ipse
1580 5372 1690 5438 Abbas
1721 5372 1875 5460 obligavit
1897 5395 1933 5440 se
1955 5377 1987 5439 st

543 5498 747 5545 successores
772 5498 903 5544 suorum
927 5481 959 5542 et
982 5481 1091 5572 partes
1114 5479 1212 5564 ipsius
1235 5477 1411 5552 Ecclesiae,
1435 5480 1462 5544 si
1485 5481 1570 5545 sicut
1596 5480 1743 5565 superius
1758 5481 1913 5567 scriptum
1938 5484 1986 5550 est
