4460 6306
456 635 459 642 '
514 637 558 704 82
1043 655 1203 704 orovuuur
1226 657 1419 704 unrcunurs

510 871 673 957 predictus
697 871 815 935 Petrus
838 874 871 935 et
886 871 954 936 eius
977 869 1114 936 heredes
1138 871 1216 937 illud
1232 869 1316 956 quod
1331 871 1399 956 ipse
1415 865 1533 936 Gioffus
1549 868 1651 934 eidem
1669 869 1769 932 Petro
1786 871 1822 934 ut
1837 867 1956 935 dictum

511 985 560 1046 est
582 976 773 1064 obbligando
796 977 990 1064 atthingavit
1013 979 1105 1044 modo
1130 984 1162 1044 et
1185 999 1284 1063 usque
1307 977 1348 1043 ad
1378 997 1438 1044 sex
1460 995 1562 1042 annos
1585 976 1760 1062 completos
1784 995 1842 1042 sua
1865 981 1956 1062 pote-

510 1091 592 1152 state
607 1091 721 1152 tenere
736 1085 858 1156 debeat,
877 1090 909 1152 et
923 1085 1073 1170 quidquid
1089 1085 1209 1180 exinde
1225 1087 1314 1151 iuxta
1337 1085 1453 1152 tollere
1476 1085 1529 1150 vel
1553 1083 1675 1149 habere
1699 1084 1839 1168 potuerit
1855 1088 1956 1149 totum

510 1193 588 1259 illud
612 1192 671 1259 sibi
694 1191 812 1258 habeat
834 1192 1015 1258 faciendum
1032 1193 1115 1277 quod
1139 1194 1279 1258 voluerit
1294 1198 1426 1278 praeter
1443 1196 1581 1259 mustum
1605 1190 1644 1255 de
1668 1190 1837 1256 vindemiis
1853 1191 1955 1256 ultimi

509 1302 585 1366 anni
609 1301 750 1386 ipsorum
774 1318 941 1364 annorum.
968 1297 1009 1364 Et
1032 1299 1141 1365 taliter
1164 1300 1222 1366 tibi
1246 1301 1388 1366 mattheo
1413 1299 1539 1365 notario
1570 1303 1603 1364 et
1633 1297 1791 1364 advocato
1813 1297 1956 1364 scribere

512 1409 674 1494 praecepi.
698 1406 728 1494 ψ
752 1409 821 1493 Ego
844 1409 898 1491 qui
922 1427 1020 1492 supra
1043 1407 1266 1494 Truppoaldus
1290 1407 1396 1472 iudex.

598 1513 774 1602 [Ambivio
798 1516 889 1581 detta
911 1514 1025 1581 Badio
1048 1515 1083 1581 di
1109 1516 1211 1582 Goon.
1236 1516 1329 1580 Arca
1349 1513 1492 1588 XXXV,
1517 1534 1549 1579 n.
1577 1511 1668 1601 117].

1170 1836 1299 1904 xv111.

602 2055 640 2118 In
664 2051 793 2116 nomine
816 2050 867 2116 dni
895 2051 953 2116 Dei
976 2051 1101 2119 aeterni
1129 2055 1163 2118 et
1185 2050 1356 2117 salvatoris
1379 2051 1482 2117 nostri
1506 2051 1603 2116 lhesu
1636 2049 1764 2138 Christi.
1792 2049 1889 2115 Anno
1916 2048 1958 2115 ab

514 2161 737 2227 incarnatione
761 2161 828 2225 eius
854 2159 940 2225 1185
956 2163 988 2224 et
1003 2160 1070 2225 XX
1086 2179 1171 2223 anno
1188 2162 1282 2243 regni
1298 2158 1352 2224 dni
1368 2160 1468 2226 nostri
1491 2159 1653 2226 Guilielmi
1677 2157 1785 2224 Sicilie
1809 2163 1841 2224 et
1865 2157 1958 2224 italie

513 2267 734 2356 gloriosissimi
759 2268 844 2352 regis
868 2286 977 2331 mense
1000 2267 1087 2331 iunio
1119 2268 1167 2332 Ill
1198 2266 1390 2333 indictionis.
1423 2267 1508 2333 Ante
1532 2286 1583 2332 me
1610 2265 1788 2330 Iohannem
1817 2264 1958 2330 Iudicem

515 2376 710 2461 Lolelgrima
733 2374 848 2440 relicta
872 2375 991 2439 Marini
1015 2373 1068 2438 dni
1092 2372 1132 2439 de
1156 2374 1287 2439 castello
1312 2375 1510 2439 Triutinarie
1534 2375 1706 2439 coniuncta
1729 2378 1778 2438 est
1794 2391 1867 2436 cum
1892 2373 1956 2438 Ro·

514 2484 604 2568 gorio
621 2481 778 2546 monacho
794 2482 979 2546 monasterii
996 2481 1050 2547 SS.
1070 2485 1102 2547 et
1116 2479 1277 2546 individue
1301 2481 1467 2546 Trinitatis
1482 2480 1565 2565 quod
1578 2486 1798 2547 constructum
1815 2487 1864 2544 est
1879 2481 1959 2546 foris

515 2592 578 2656 hac
600 2589 797 2654 salernitana
821 2589 950 2654 civitate
973 2589 1006 2652 in
1029 2587 1102 2652 loco
1126 2588 1290 2661 mitiliauo,
1316 2590 1366 2652 cui
1392 2586 1433 2651 D.
1465 2590 1652 2653 Benencasa
1677 2588 1734 2652 Dei
1758 2589 1862 2672 gratia
1889 2588 1957 2652 Ve-

475 2743 478 2752 -
512 2696 667 2763 nerabilis
689 2717 728 2762 ac
752 2694 1054 2781 religiosus·Abbas
1076 2701 1193 2780 preest.
1219 2698 1292 2780 lpse
1308 2701 1416 2760 tamen
1433 2697 1593 2781 Rogerius
1617 2715 1676 2780 pro
1699 2699 1793 2781 parte
1816 2695 1956 2760 eiusdem

514 2805 702 2872 Monasterii
727 2809 760 2869 ot
782 2805 865 2870 sicut
886 2804 946 2888 ipsi
971 2803 1166 2889 Lolelgrime
1189 2823 1367 2889 congruum
1392 2803 1452 2868 fuit
1475 2808 1588 2888 sponte
1612 2823 1671 2889 per
1702 2804 1959 2870 convenientiam

513 2913 681 3000 perhanc
705 2911 886 2976 chartulam
915 2910 1086 2996 obligando
1117 2911 1299 2996 athingavit
1329 2913 1388 2997 ipsi
1419 2912 1615 2976 monasterio
1646 2912 1808 2996 integram
1835 2916 1958 2976 terram

515 3041 588 3086 cum
612 3041 687 3088 casa
710 3019 868 3085 fabricata
891 3019 1032 3084 solerata
1056 3037 1150 3102 quam
1174 3020 1242 3103 ipsa
1266 3019 1462 3105 Lolelgrima
1485 3019 1543 3084 sibi
1568 3021 1634 3085 suis
1659 3018 1836 3083 rationibus
1859 3019 1957 3104 perti*

512 3149 593 3195 nere
617 3128 744 3193 dixerat
767 3127 855 3192 infra
878 3127 963 3191 banc
979 3125 1156 3210 predictam
1172 3127 1334 3194 civitatem
1351 3147 1450 3213 prope
1475 3129 1558 3192 viam
1582 3145 1758 3212 perquam
1782 3124 1852 3191 fluit
1877 3145 1962 3209 aqua

513 3255 577 3321 que
600 3236 686 3300 lama
707 3234 833 3299 dicitur.
860 3233 949 3308 Quae
972 3233 1122 3298 videlicet
1144 3238 1234 3297 terra
1257 3254 1329 3300 cum
1353 3255 1428 3299 casa
1460 3234 1577 3300 dicitur
1600 3254 1671 3300 esse
1695 3253 1754 3320 per
1777 3231 1858 3299 finos
1885 3238 1956 3298 etc..

514 3341 678 3431 [sepuouo
702 3342 714 3406 i
738 3331 894 3426 oculiad(
905 3340 983 3408 Cum
1000 3339 1145 3406 omnibus
1167 3340 1208 3405 ad
1224 3343 1324 3426 ipsam
1340 3341 1564 3428 obligationem
1590 3347 1622 3409 et
1638 3342 1872 3426 thingationem
1887 3361 1957 3426 per·

514 3450 695 3518 tinentibus.
723 3451 770 3514 Ea
794 3449 919 3513 rationo
942 3454 977 3514 ut
1000 3449 1026 3512 si
1050 3447 1190 3532 quolibet
1212 3454 1358 3535 tempore
1380 3450 1450 3535 ipsa
1465 3449 1661 3535 Lolelgrima
1685 3455 1718 3516 et
1733 3450 1801 3516 eius
1818 3449 1956 3514 heredes

515 3557 734 3643 suprascripta
756 3561 847 3624 terra
871 3577 942 3621 curn
967 3576 1042 3632 casa
1065 3555 1118 3621 vel
1142 3576 1184 3621 ex
1207 3576 1246 3621 ea
1270 3556 1430 3622 vendituri
1454 3563 1509 3622 aut
1539 3558 1713 3622 alienatori
1741 3556 1864 3621 suerint
1894 3576 1959 3621 non

513 3665 654 3731 habeant
675 3669 863 3750 potestatem
888 3665 988 3749 ipsam
1011 3668 1135 3730 terram
1159 3683 1231 3728 cum
1256 3683 1331 3729 casa
1354 3665 1406 3728 vel
1427 3685 1469 3730 ex
1486 3685 1526 3730 ea
1548 3664 1645 3730 alicui
1669 3714 1799 3729 ............
1817 3665 1960 3730 vendere

513 3780 568 3841 aut
590 3774 668 3839 dare
693 3773 745 3838 vel
769 3771 912 3858 obligare
936 3792 993 3836 seu
1016 3770 1157 3856 quolibet
1179 3770 1273 3837 modo
1295 3771 1440 3836 alienare
1463 3773 1521 3836 nisi
1548 3774 1606 3857 ipsi
1630 3771 1693 3837 dno
1709 3771 1815 3837 abbati
1840 3776 1873 3837 et
1888 3791 1958 3836 suc-

513 3879 695 3948 cessoribus
717 3879 785 3945 eius
809 3884 841 3943 et
864 3877 1008 3963 partibus
1038 3879 1248 3965 suprascripti
1272 3875 1466 3944 'monasterii
1498 3881 1599 3964 ipsam
1627 3884 1751 3945 terram
1781 3899 1854 3944 cum
1885 3897 1962 3954 casa

513 3987 656 4054 vendant
678 3993 711 4053 et
734 3987 810 4052 dent
833 3986 937 4070 pretio
961 4004 1022 4069 quo
1047 4005 1107 4069 per
1122 3984 1232 4050 doctos
1248 3986 1394 4052 homines
1414 4006 1524 4051 rerum
1541 3985 1702 4051 stabilium
1725 3987 1963 4071 appretiatoros

512 4098 595 4162 iuste
618 4095 717 4161 fuerit
739 4094 962 4179 appretiatum,
996 4094 1100 4158 minus
1132 4112 1196 4158 una
1229 4095 1324 4158 uncia
1347 4095 1428 4158 auri.
1462 4095 1504 4158 Et
1534 4095 1640 4159 omnia
1671 4095 1893 4179 suprascripta
1923 4113 1958 4159 se

513 4201 630 4268 exinde
654 4204 722 4286 ipsa
746 4201 942 4286 Lolelgrima
965 4203 999 4266 et
1021 4201 1089 4265 eius
1112 4200 1253 4266 heredes
1277 4207 1309 4266 et
1333 4201 1500 4267 iamdictus
1517 4203 1552 4266 D.
1579 4201 1687 4267 Abbas
1712 4208 1744 4268 et
1759 4221 1961 4268 successores

514 4311 583 4376 eius
606 4315 637 4374 et
660 4329 736 4395 pars
759 4309 968 4394 suprascripti
994 4309 1178 4371 monasterii
1199 4307 1320 4374 faciant
1335 4315 1367 4372 et
1383 4307 1579 4394 adimpleant
1594 4310 1677 4375 sicut
1691 4309 1748 4374 lex
1772 4315 1804 4374 et
1827 4329 1960 4375 consue·

513 4417 589 4483 tudo
606 4422 654 4483 est
669 4417 759 4482 istius
783 4417 921 4481 civitatis
934 4414 973 4480 de
985 4413 1155 4499 obbligatis
1168 4420 1200 4479 et
1215 4415 1371 4500 thingatis
1388 4414 1486 4481 rebus
1499 4415 1610 4482 facere
1623 4421 1655 4481 et
1667 4417 1852 4502 adimplere.
1871 4417 1961 4482 Unde

514 4545 573 4610 per
585 4524 841 4588 convenientiam
866 4524 935 4606 ipsa
951 4521 1145 4606 Lolelgrima
1158 4521 1306 4608 guadiam
1324 4524 1382 4606 ipsi
1400 4525 1541 4608 lingerio
1565 4543 1623 4608 pro
1639 4531 1732 4608 parte
1749 4525 1959 4609 suprascripti

515 4631 704 4696 Monastorii
728 4630 813 4695 dedit
839 4635 871 4695 et
894 4628 1113 4694 fideiussorem
1138 4630 1166 4692 ei
1183 4648 1242 4714 pro
1267 4629 1352 4694 illius
1376 4634 1467 4714 parte
1487 4631 1592 4714 posuit
1614 4632 1817 4716 semetipsam
1833 4639 1865 4696 ot
1881 4631 1961 4694 Lan-

517 4738 640 4803 dulfum
664 4740 717 4823 qui
741 4738 860 4804 dicitur
883 4738 1009 4802 ioncata
1033 4736 1188 4801 clericum
1212 4737 1306 4800 huius
1333 4736 1522 4803 salernitani
1549 4736 1805 4822 acchiepiscopii
1823 4757 1867 4802 ao
1894 4736 1960 4802 Ab·

410 4875 414 4882 ·
518 4846 624 4911 batem
647 4845 804 4910 ecclesiae
828 4845 858 4910 S.
886 4843 1036 4910 Andreae
1060 4864 1141 4928 quae
1166 4843 1204 4908 de
1228 4843 1260 4906 la
1283 4843 1422 4928 portella
1452 4843 1568 4909 dicitur
1600 4842 1699 4910 filium
1724 4864 1753 4929 q.
1785 4846 1876 4910 Petri
1908 4845 1962 4928 qui

475 4967 477 4976 ’
518 4954 580 5020 suit
605 5003 835 5018 .....................
861 4971 977 5018 comes.
1004 4953 1046 5018 llt
1069 4952 1243 5036 peripsam
1268 4950 1417 5036 guadiam
1442 4952 1509 5035 ipsa
1533 4951 1730 5037 Lolelgrima
1753 4951 1907 5037 obligavit
1927 4971 1961 5016 se

516 5066 549 5126 et
579 5079 653 5126 suos
684 5060 822 5125 heredes
846 5062 929 5127 sicut
958 5060 1106 5144 superius
1140 5059 1296 5142 scriptum
1332 5061 1381 5121 est
1414 5078 1477 5122 non
1508 5058 1755 5143 adimpleverint
1786 5065 1818 5124 et
1848 5077 1960 5142 supra-

518 5169 639 5253 scripta
662 5173 756 5232 etc...
779 5163 894 5254 [segue
908 5166 942 5231 la
956 5165 1128 5250 stipulatio
1148 5161 1308 5252 poenae}
1334 5165 1558 5251 Suprascripta
1574 5165 1652 5231 fecit
1675 5166 1743 5251 ipsa
1766 5167 1962 5252 Lolelgrima

516 5274 691 5341 secundum
714 5275 819 5360 legem
843 5278 876 5341 et
897 5291 1150 5338 normannorum
1181 5272 1441 5338 consuetudinem
1466 5292 1529 5356 qua
1550 5273 1663 5338 vivere
1686 5272 1814 5338 dicitur.
1839 5275 1881 5338 Et
1910 5278 1960 5338 ta·

520 5382 598 5448 liter
621 5387 714 5448 etc...
739 5379 769 5470 †
792 5384 861 5468 Ego
884 5383 936 5466 qui
966 5399 1064 5465 supra
1090 5379 1251 5444 lohannes
1276 5378 1386 5444 ludex.

601 5485 778 5577 [Archioio
802 5490 893 5557 dello
916 5487 1028 5555 Badio
1052 5487 1090 5554 di
1116 5487 1217 5554 Cava.
1244 5486 1331 5551 Arca
1354 5487 1496 5560 XXXX,
1521 5483 1591 5575 5l].
