4460 6306
594 575 635 622 un
660 573 905 624 cousunrunmr
931 572 1070 622 usnemu
1089 571 1129 620 nr
1154 571 1303 619 sannaus
1628 549 1667 614 61

882 671 1077 678 --—.—.-..
1406 668 1559 674 .-—-..-—-.
1581 668 1635 674 ...-

231 790 435 876 distinguitur
458 791 624 876 praedicto
648 792 844 856 monasterio
867 791 1089 876 pertinentem?
1105 788 1139 853 in
1156 789 1254 854 Gurte
1277 787 1422 874 dopnica.
1439 785 1611 872 praedictis
1634 783 1673 850 fl-

229 897 332 976 uibus,
358 900 441 964 sicut
464 899 616 983 scriptam
640 902 673 963 et
696 899 887 964 distinctam.
914 897 991 963 Cum
1016 885 1161 961 omnibus
1185 914 1266 979 quae
1290 896 1376 959 intra
1399 896 1499 979 ipsam
1516 899 1674 978 permuta·

230 1007 356 1079 tionem,
382 1006 457 1073 data
487 1011 520 1071 et
549 1006 669 1071 tradita
699 1012 781 1077 sunt.
807 1005 994 1088 cunctisque
1025 1005 1092 1069 suis
1124 1003 1335 1088 pertinentiis,
1367 1009 1399 1068 et
1430 1022 1501 1066 cum
1532 1003 1604 1066 rice
1635 1001 1675 1066 de

230 1113 374 1199 predicta
404 1114 511 1198 platea
535 1113 629 1179 etde
657 1112 729 1179 aliis
760 1113 883 1198 plateis.
909 1114 1036 1183 auditis,
1063 1117 1095 1176 et
1117 1113 1178 1176 viis
1201 1110 1266 1176 suis
1290 1115 1322 1174 et
1345 1130 1417 1175 cum
1450 1109 1676 1175 muniminibus

231 1220 348 1287 exinde
372 1221 617 1288 continentibus.
636 1223 685 1287 Ea
708 1222 834 1286 ratione
857 1226 893 1286 ut
916 1222 1044 1305 integra
1067 1219 1136 1304 ipsa
1159 1219 1351 1304 permutatio
1374 1217 1458 1282 datio
1482 1221 1515 1282 et
1536 1216 1674 1286 traditio.

231 1329 372 1413 qualiter
394 1347 492 1414 supra
515 1330 643 1414 legitur.
668 1349 797 1415 semper
820 1329 861 1393 sit
885 1329 917 1392 in
941 1332 1098 1414 potestate
1122 1328 1261 1412 ipsarum
1294 1345 1451 1398 sororum,
1476 1325 1676 1411 Margaritae

231 1429 357 1502 scilicet
380 1441 413 1501 et
436 1437 590 1506 Iulianae,
616 1436 827 1503 etheredum
858 1437 986 1502 illarum
1011 1440 1044 1500 et
1066 1437 1154 1520 ipsae
1177 1454 1315 1504 sorores,
1341 1439 1374 1499 et
1396 1453 1507 1499 earum
1538 1433 1677 1500 heredes

153 1573 157 1586 ·
229 1533 374 1610 habeant
396 1545 559 1610 licentiam
584 1544 624 1611 de
648 1544 759 1610 eadem
784 1546 1020 1630 permutatione
1044 1543 1172 1635 datione
1195 1547 1228 1608 et
1251 1542 1422 1606 traditione
1452 1541 1563 1607 facere
1594 1540 1677 1625 quod

230 1651 403 1717 voluerint.
430 1654 472 1716 Et
495 1657 628 1738 propter
650 1653 713 1717 hoc
737 1654 804 1739 ipse
821 1652 930 1718 Laudo
954 1671 1013 1738 pro
1029 1655 1121 1737 parte
1137 1649 1302 1736 predictae
1318 1651 1429 1715 uxoris
1446 1669 1523 1714 suae
1547 1655 1579 1714 et
1602 1669 1677 1735 pre-

231 1757 336 1824 dictae
364 1764 521 1845 cogoatae
552 1781 638 1832 suae,
664 1761 740 1845 ipsis
764 1759 996 1845 praesentibus.
1022 1757 1294 1824 consentientibus
1318 1764 1350 1821 et
1373 1762 1445 1824 rata
1475 1756 1676 1824 habentibus.

231 1868 314 1933 sicut
338 1868 366 1932 ei
391 1868 519 1953 placuit,
544 1873 666 1954 sponte,
692 1887 751 1953 per
774 1869 1030 1932 convenientiam
1055 1887 1113 1952 per
1137 1865 1232 1930 aliam
1255 1865 1412 1938 chartam,
1437 1865 1586 1930 similiter
1607 1885 1679 1950 per·

232 1975 418 2040 mutationis
442 1974 565 2046 ordine.
583 1975 670 2040 dedit
693 1980 725 2040 et
747 1974 879 2040 tradidit
901 1975 961 2061 ipsi
986 1975 1104 2044 Priori.
1122 1993 1181 2059 pro
1197 1978 1289 2058 parte
1305 1971 1460 2057 praedicti
1481 1973 1677 2044 monasterii.

232 2081 378 2166 integras
394 2081 575 2167 praedictas
591 2083 701 2148 uncias
726 2093 758 2148 et
780 2083 908 2149 tertiam
934 2081 973 2146 de
995 2081 1162 2147 duodecim
1179 2081 1282 2147 unciis
1305 2079 1344 2144 de
1368 2079 1540 2166 praedictis
1555 2079 1679 2145 duabus

231 2192 332 2254 terris
356 2209 428 2255 cum
453 2191 545 2260 casis.
570 2191 639 2255 sitis
663 2191 694 2254 in
718 2189 884 2286 praedicto
908 2191 980 2255 loco
1004 2189 1243 2258 Veterensium.
1260 2186 1432 2273 praedictis
1455 2185 1579 2258 finibus.
1597 2188 1680 2252 sicut

231 2296 434 2382 praedictum
458 2301 515 2369 est,
541 2297 717 2364 distinctas.
743 2297 820 2364 Cum
845 2296 990 2361 omnibus
1014 2315 1096 2380 quae
1112 2297 1199 2362 iutra
1214 2295 1315 2379 ipsam
1332 2295 1600 2381 permutationem
1623 2293 1679 2359 da·

233 2405 354 2468 tionem
386 2411 418 2470 et
448 2405 652 2472 traditionem
688 2410 771 2478 sunt,
804 2407 993 2488 cunctisque
1028 2406 1093 2470 suis
1127 2404 1340 2488 pertinentiis,
1374 2407 1406 2467 et
1435 2423 1508 2467 cum
1538 2403 1611 2467 vice
1641 2400 1680 2466 de

233 2511 409 2595 praedictis
432 2515 485 2577 via
509 2519 541 2578 et
564 2512 681 2579 auditis
705 2518 737 2577 et
761 2512 919 2584 strettula,
945 2516 977 2576 et
1000 2531 1070 2576 cum
1088 2511 1159 2576 aliis
1174 2509 1290 2576 anditis
1314 2514 1346 2574 et
1364 2509 1425 2574 viis
1440 2510 1506 2575 suis
1522 2530 1593 2575 cum
1610 2529 1679 2575 mu-

233 2617 407 2685 niminibus
431 2619 549 2685 exinde
573 2620 821 2685 continentibus.
848 2621 895 2684 Ea
920 2621 1045 2683 ratione
1068 2623 1104 2683 ut
1127 2619 1254 2703 integra
1278 2619 1346 2702 ipsa
1368 2617 1570 2702 permutatio,
1595 2616 1680 2682 datio

233 2730 265 2790 et
287 2725 429 2798 traditio,
455 2727 595 2811 qualiter
619 2747 718 2813 supra
748 2728 869 2812 legitur
892 2746 1021 2812 semper
1052 2727 1093 2790 sit
1123 2728 1157 2790 in
1188 2729 1345 2810 potestate
1377 2725 1501 2790 Prioris
1525 2724 1681 2809 praedicti

234 2834 437 2900 Monasterii.
463 2837 505 2901 Et
529 2838 654 2921 priores
678 2836 834 2921 praedicti
860 2836 1046 2900 Monasterii
1070 2834 1234 2899 licentiam
1252 2832 1393 2898 habeant
1416 2831 1455 2897 de
1479 2831 1590 2898 eadem
1606 2852 1680 2916 per·

233 2945 423 3012 mutatione.
447 2944 575 3008 datione
599 2950 632 3012 et
654 2944 826 3008 traditione
850 2943 962 3008 facere
985 2942 1068 3026 quod
1092 2941 1263 3007 voluerint.
1291 2940 1381 3007 Unde
1404 2960 1464 3026 per
1486 2939 1682 3004 convenien-

232 3051 310 3114 tiam
337 3052 404 3136 ipse
427 3052 537 3118 Laudo
560 3073 619 3138 pro
643 3059 734 3138 parte
758 3051 922 3136 predictae
937 3052 1049 3116 uxoris
1072 3069 1149 3114 suae
1173 3053 1206 3114 et
1223 3047 1408 3134 praedictae
1431 3051 1588 3132 cognatae
1603 3065 1681 3111 suae

233 3157 385 3244 guadiam
409 3161 468 3244 ipsi
493 3161 601 3224 Priori
625 3179 683 3245 pro
707 3164 799 3244 parte
822 3158 979 3243 praedicti
1003 3159 1201 3230 Monasterii,
1228 3155 1315 3221 dedit
1345 3161 1378 3220 et
1403 3152 1623 3220 fideiussorem
1653 3153 1683 3217 ei

233 3286 294 3352 pro
320 3266 448 3332 illarum
472 3273 564 3352 parte
588 3269 692 3354 posuit
715 3267 930 3351 semetipsum,
962 3264 1159 3352 praedictam
1187 3263 1399 3348 Margaritam
1422 3282 1558 3328 uxorem
1582 3279 1682 3334 suam,

234 3374 437 3460 praedictum
462 3374 723 3440 Bartholomeum
748 3371 848 3438 fllium
874 3373 1029 3457 praedicti
1056 3372 1185 3437 loannis
1209 3371 1248 3436 de
1273 3369 1501 3435 Bartholomeo
1525 3374 1557 3434 et
1588 3387 1682 3454 prae·

235 3480 355 3546 dictam
384 3481 552 3551 lulianam.
576 3501 713 3547 uxorem
736 3480 897 3566 praedicti
923 3479 1152 3545 Bartholomei.
1179 3476 1221 3542 Et
1244 3498 1303 3563 per
1327 3479 1427 3562 ipsam
1451 3476 1599 3563 guadiam
1616 3476 1684 3561 ipse

236 3589 350 3654 Lando
366 3587 519 3676 obligavit
534 3589 731 3675 praedictam
749 3589 973 3673 Margaritam
992 3607 1129 3652 uxorem
1147 3606 1245 3656 suam,
1263 3592 1296 3652 et
1311 3584 1508 3669 praedictam
1525 3583 1681 3650 lulianam

236 3701 408 3782 cognatam
431 3717 531 3763 suam.
549 3697 595 3761 eis
611 3695 832 3782 praesentibus
849 3699 881 3760 et
897 3700 1001 3760 ratum
1018 3693 1209 3760 habentibus
1226 3697 1258 3758 et
1273 3711 1384 3757 earum
1401 3691 1538 3756 heredes
1554 3709 1682 3774 semper

236 3805 415 3872 defendere
439 3803 607 3868 Prioribus
630 3803 786 3888 praedicti
810 3803 999 3866 Monasterii
1016 3803 1176 3886 integram
1196 3800 1393 3887 praedictam
1417 3799 1684 3884 permutationem

236 3916 402 3981 dationem
434 3917 466 3976 et
493 3909 709 3980 traditionem.
738 3910 877 3994 qualiter
907 3928 1005 3993 supra
1035 3909 1156 3993 legitur
1186 3907 1225 3972 ab
1256 3905 1401 3972 omnibus
1432 3905 1628 3979 hominibus;
1653 3911 1685 3970 et
1793 3907 1795 3927 '

237 4022 353 4089 tribuit
374 4020 540 4085 licentiam
564 4037 607 4084 ex
631 4016 757 4102 quando
780 4023 890 4102 partes
913 4016 1070 4101 praedicti
1095 4016 1283 4081 monasterii
1298 4014 1470 4086 voluerint,
1496 4015 1684 4099 potestatem

238 4129 382 4196 habeant
404 4129 504 4212 ipsam
528 4127 805 4212 permutationem,
830 4123 990 4188 dationem
1007 4129 1040 4188 et
1054 4123 1258 4188 traditionem
1275 4141 1334 4206 per
1357 4141 1392 4186 se
1416 4119 1591 4186 defendere
1607 4138 1685 4205 qua·

237 4240 318 4306 liter
341 4235 503 4302 voluerint
526 4255 598 4300 cum
615 4234 760 4300 omnibus
776 4231 1004 4299 muniminibus
1020 4237 1052 4296 et
1067 4230 1245 4296 rationibus
1262 4249 1341 4314 quas
1359 4229 1397 4294 de
1415 4249 1450 4294 ea
1469 4227 1685 4296 ostenderent

239 4353 273 4412 et
295 4346 324 4412 si
347 4345 430 4410 sicut
452 4343 599 4427 superius
622 4343 776 4427 scriptum
793 4345 850 4412 est,
868 4341 937 4425 ipse
954 4338 1064 4404 Laudo
1088 4343 1120 4403 et
1136 4337 1281 4422 predicta
1300 4355 1385 4401 uxor
1409 4335 1477 4401 eius
1495 4343 1527 4401 et
1550 4341 1688 4420 cognata

240 4473 300 4520 sua
323 4457 356 4517 et
379 4469 491 4517 eorum
516 4449 653 4514 heredes
677 4469 741 4512 uon
758 4447 962 4532 adimpleant,
981 4451 1013 4511 et
1032 4444 1265 4531 praedictare]
1283 4464 1325 4508 ex
1341 4444 1387 4508 eis
1411 4441 1563 4527 quidquid
1584 4461 1689 4506 remo·

238 4580 320 4626 vere
344 4565 400 4624 aut
423 4556 648 4634 contradicere
672 4556 955 4642 praesumpserint,
973 4574 1033 4639 per
1048 4555 1148 4638 ipsam
1164 4551 1313 4637 guadiam
1329 4549 1485 4636 obligavit
1505 4548 1688 4635 praedictas

240 4687 380 4736 uxorem
404 4671 437 4731 et
459 4669 628 4751 cognatam
652 4683 741 4728 suam
766 4667 798 4729 et
828 4681 941 4727 earum
972 4660 1130 4725 haeredes
1161 4660 1236 4744 ipsis
1267 4655 1491 4743 praesentibus
1521 4662 1554 4722 et
1581 4661 1686 4721 ratum

240 4772 435 4842 habentibus
459 4791 652 4857 componere
676 4769 820 4855 partibus
842 4767 1000 4853 praedicti
1028 4768 1214 4833 monasterii
1245 4765 1478 4850 quinquaginta
1503 4761 1688 4850 augustales

242 4890 277 4952 et
299 4885 383 4949 sicut
406 4880 606 4967 praedictmn
630 4885 680 4943 est
702 4876 887 4962 adimplere.
906 4877 977 4942 Hoc
1000 4880 1107 4940 autem
1122 4872 1364 4939 memorandum
1388 4876 1446 4945 est,
1471 4869 1601 4957 quiade
1616 4887 1690 4936 con·

242 4991 413 5060 suetudine
438 4989 527 5054 istius
552 4987 691 5052 civitatis
715 4983 843 5050 Salerni
866 4989 916 5048 est
938 4984 1069 5067 antiqua
1100 4986 1133 5047 et
1162 4978 1347 5066 approbata,
1376 4982 1507 5065 optenta
1530 4983 1563 5044 et
1592 4996 1688 5062 prae-

244 5100 367 5185 scripta
389 5098 476 5161 inter
500 5096 587 5160 cives
612 5093 738 5160 Salerni
771 5097 803 5157 et
834 5091 997 5155 Ecclesiae
1027 5109 1085 5154 seu
1116 5089 1312 5154 monasteria
1334 5087 1395 5152 sita
1418 5087 1503 5152 intra
1527 5086 1688 5151 civitatem

245 5207 384 5279 Salerni,
408 5204 462 5269 vel
486 5205 589 5289 posita
612 5204 644 5267 in
668 5199 873 5286 pertinentiis
897 5197 974 5270 eius,
1005 5197 1038 5261 in
1065 5194 1246 5262 huiusmodi
1270 5193 1496 5266 contractibus,
1521 5197 1577 5259 aut
1602 5192 1689 5257 simi-

245 5315 329 5381 libus
352 5315 432 5378 iuris
460 5311 563 5377 civilis
587 5315 642 5374 aut
665 5307 829 5372 canonicis
845 5305 1089 5390 sollempnitatis
1113 5323 1177 5368 non
1193 5303 1227 5366 in
1243 5301 1388 5365 omnibus
1404 5299 1588 5372 observare,
1613 5295 1689 5363 dum

245 5429 354 5490 tamen
377 5421 576 5488 Monasteria
591 5438 649 5484 seu
665 5415 832 5482 Ecclesiae
848 5415 881 5478 in
898 5411 1115 5478 contractibus
1132 5412 1207 5498 ipsis
1223 5409 1437 5476 conditionem
1461 5427 1550 5473 suam
1567 5407 1691 5474 faciant
