4460 6306
528 635 571 702 60
1055 657 1219 705 orovsum
1242 656 1440 705 nnrounurs

524 888 600 936 casa
623 869 751 944 fabrita,
778 870 897 936 solario
922 873 954 934 et
977 871 1074 935 scalis
1097 869 1223 936 fabritis
1252 869 1347 936 etde
1375 870 1504 954 integra
1526 873 1618 934 terra
1649 888 1720 932 cum
1752 867 1900 932 orticello
1930 865 1975 932 ibi

524 996 625 1063 prope
649 983 869 1043 constructum
894 983 927 1043 et
950 977 989 1042 de
1012 979 1141 1063 integra
1163 979 1227 1042 alia
1250 982 1341 1041 terra
1357 996 1429 1041 cum
1446 996 1521 1042 casa
1543 975 1670 1046 fabrita,
1696 975 1815 1039 solario
1832 979 1865 1041 et
1879 975 1976 1040 scalis

524 1084 659 1166 sabaitis,
684 1104 766 1170 quae
790 1091 976 1152 constructa
998 1091 1073 1152 suot
1095 1087 1182 1150 intra
1206 1085 1291 1150 hano
1314 1083 1546 1150 salernitanam
1570 1084 1732 1148 civitatem
1756 1084 1790 1148 in
1813 1081 1886 1147 loco
1906 1083 1976 1148 Ve-

522 1192 710 1264 terensium
727 1193 818 1258 iuxta
833 1191 1003 1276 quamdam
1019 1199 1144 1258 terram
1160 1212 1233 1257 cum
1249 1211 1325 1256 casa
1341 1196 1373 1258 et
1389 1191 1539 1256 orticello
1556 1195 1614 1263 est,
1639 1210 1659 1254 a
1681 1210 1780 1274 super
1796 1188 1977 1254 Ecclesiam

525 1298 556 1364 S.
582 1299 673 1364 Petri
697 1299 736 1364 de
761 1300 922 1366 Ferrariis
946 1305 978 1388 et
1001 1299 1112 1366 subter
1135 1304 1168 1365 et
1191 1319 1292 1386 prope
1315 1299 1426 1384 ipsam,
1453 1303 1486 1364 et
1508 1318 1528 1363 a
1551 1303 1643 1383 parto
1666 1295 1842 1363 occidentis
1852 1291 1899 1361 'ad
1921 1315 1977 1360 an·

524 1404 624 1470 ditum
649 1407 682 1470 in
705 1426 768 1490 quo
791 1407 897 1472 scalae
921 1413 1127 1473 constructae
1151 1413 1233 1478 sunt,
1258 1407 1349 1472 iuxta
1372 1405 1456 1490 quod
1479 1405 1541 1471 duo
1572 1407 1654 1471 ostia
1684 1403 1809 1472 catodei
1833 1403 1976 1470 eiusdem

525 1532 619 1578 casae
643 1518 927 1586 construeremus,
954 1519 985 1579 et
1009 1534 1108 1599 super
1131 1515 1234 1599 ipsum
1258 1513 1400 1580 anditum
1416 1510 1563 1577 aedificia
1587 1519 1772 1578 constructa
1795 1516 1870 1576 sunt
1893 1515 1925 1576 et
1939 1512 1975 1575 in

525 1624 617 1704 parte
641 1620 791 1686 orientali
816 1622 979 1704 pertinere
1003 1620 1188 1704 praedictae
1212 1638 1316 1692 casae,
1342 1640 1402 1705 per
1432 1638 1514 1703 quae
1545 1619 1585 1684 ad
1609 1621 1746 1705 primum
1773 1617 1974 1704 praedictum

524 1727 676 1792 solarium
700 1726 804 1792 dictae
828 1747 923 1792 casae
947 1730 1104 1795 intratur:
1132 1736 1164 1792 et
1187 1747 1207 1792 a
1230 1733 1323 1813 parte
1347 1728 1575 1812 septentrionis
1598 1726 1640 1791 ad
1663 1727 1763 1810 ipsam
1786 1731 1927 1790 terram:
1953 1743 1975 1789 a

525 1841 618 1919 parte
641 1834 817 1900 occidentis
840 1835 881 1899 ad
905 1836 1087 1901 strettulam
1112 1853 1194 1918 quae
1211 1835 1307 1899 distat
1330 1834 1531 1920 apraedicta
1554 1839 1645 1898 terra
1669 1854 1741 1899 cum
1765 1833 1921 1904 orticello,
1939 1834 1974 1896 in

470 1937 474 1946 ’
524 1961 587 2026 qua
610 1941 761 2007 videlicet
776 1943 934 2015 strettula
955 1942 1117 2008 stillicidia
1133 1946 1166 2010 et
1182 1943 1311 2008 canales
1328 1943 1510 2008 versatoria
1533 1947 1566 2009 et
1584 1943 1749 2007 versantia
1771 1941 1862 2006 istius
1879 1959 1975 2006 casae

523 2046 628 2114 fluunt
651 2054 683 2114 et
705 2047 900 2114 decurrunt:
918 2055 950 2115 et
965 2069 985 2113 a
1001 2055 1094 2134 parto
1113 2049 1259 2114 meridiei
1275 2048 1315 2113 ad
1332 2048 1413 2114 fines
1428 2049 1576 2122 aliorum,
1594 2050 1677 2115 sicut
1700 2055 1811 2132 partes
1834 2047 1975 2114 fabritao

524 2155 615 2222 istius
639 2175 733 2220 casae
756 2155 967 2241 distinguunt.
993 2176 1163 2222 commune
1187 2163 1244 2222 est.
1278 2158 1320 2220 Et
1347 2157 1415 2241 ipsa
1445 2161 1537 2220 terra
1568 2176 1639 2220 cum
1668 2155 1814 2222 orticello
1837 2160 1975 2239 aparte

524 2264 658 2327 orientis
681 2263 779 2347 ipsius
802 2264 971 2328 strettulae
995 2281 1078 2347 quae
1102 2263 1258 2328 discernit
1280 2263 1462 2348 apredicta
1485 2282 1561 2327 casa
1580 2283 1748 2328 commune
1772 2269 1829 2348 est.
1849 2264 1891 2327 Et
1905 2263 1975 2348 ipsa

523 2369 588 2434 alia
609 2375 701 2436 terra
724 2389 797 2436 cum
820 2389 896 2435 casa
920 2375 969 2436 est
993 2371 1025 2434 in
1050 2371 1122 2434 vico
1146 2375 1278 2436 sanctae
1304 2369 1507 2435 Trotimenae
1530 2389 1550 2434 a
1575 2391 1672 2456 super
1696 2377 1728 2435 et
1748 2390 1848 2456 prope
1872 2371 1974 2455 ipsam

486 2474 488 2478 ’
529 2477 723 2542 Ecclesiam:
749 2484 781 2543 et
804 2483 939 2562 aparte
963 2477 1109 2542 meridiei
1140 2479 1201 2550 via,
1228 2479 1319 2542 iuxta
1343 2496 1437 2561 quam
1454 2476 1515 2542 duo
1540 2477 1621 2542 ostia
1644 2483 1676 2542 et
1699 2477 1807 2542 scalae
1831 2476 1973 2542 eiusdem

525 2603 620 2650 casae
644 2588 830 2651 constructa
853 2589 942 2659 sunt;
966 2604 986 2648 a
1009 2590 1102 2669 parte
1125 2585 1299 2650 occidentis
1322 2585 1465 2650 anditum
1496 2586 1529 2648 in
1560 2604 1623 2669 quo
1646 2583 1809 2649 stillicidia
1831 2583 1974 2649 eiusdem

525 2709 620 2758 casae
643 2689 748 2758 fluunt
770 2697 802 2756 at
825 2690 1020 2758 decurrunt:
1045 2712 1064 2756 a
1088 2675 1181 2778 parte
1205 2693 1434 2778 septentrionis
1457 2691 1497 2756 ad
1521 2691 1688 2757 meridiem
1716 2692 1907 2762 strettulam,
1938 2693 1974 2758 in

524 2819 588 2884 qua
611 2801 776 2864 versantia
800 2791 838 2864 et
853 2802 1036 2864 versatoria
1060 2798 1203 2865 eiusdem
1227 2820 1322 2865 casae
1350 2799 1499 2866 similiter
1530 2797 1631 2865 fluere
1660 2804 1693 2867 ct
1715 2799 1892 2866 decurrere
1922 2803 1973 2865 vi-

525 2907 659 2984 dentur;
684 2913 717 2972 ot
739 2927 759 2972 a
782 2913 875 2993 parte
898 2907 1072 2974 occidentis
1095 2908 1248 2974 similiter
1270 2908 1310 2973 ad
1335 2908 1436 2993 ipsam
1461 2908 1652 2981 strettulam,
1682 2907 1909 2992 quaeducens
1940 2909 1974 2974 in
2061 2909 2068 2918 '

409 3097 410 3106 ἵ
525 3015 691 3080 meridiem
714 3012 785 3079 fluit
808 3035 867 3101 per
890 3015 1104 3080 discursorem
1129 3016 1161 3079 in
1185 3014 1352 3099 praedicta
1374 3015 1427 3080 via
1458 3020 1688 3085 constructum,
1713 3035 1882 3081 commune
1913 3020 1971 3082 est.

526 3121 612 3197 Quas
635 3127 707 3187 octo
744 3123 854 3187 uncias
889 3127 921 3188 at
955 3123 1086 3188 tertiam
1110 3121 1149 3186 de
1180 3121 1346 3188 duodecim
1369 3124 1473 3188 unciis
1497 3122 1536 3187 de
1560 3122 1734 3209 praedictis
1771 3123 1867 3188 terris
1898 3141 1971 3188 cum

526 3231 609 3295 casis
632 3233 665 3296 et
687 3229 836 3296 orticello
859 3229 928 3315 ipse
951 3249 1081 3294 sorores
1105 3248 1215 3294 coram
1239 3248 1290 3293 me
1314 3235 1347 3294 ot
1370 3230 1543 3314 praedictis
1565 3229 1699 3296 testibus
1719 3235 1831 3296 tenent
1846 3229 1886 3294 ab
1902 3232 1972 3294 An-

525 3337 613 3401 tonio
637 3337 691 3419 qui
714 3335 832 3400 dicitur
856 3337 978 3408 Oiccus,
1004 3333 1061 3400 filii
1085 3355 1113 3421 q.
1142 3337 1243 3409 Petri,
1276 3357 1335 3421 pro
1359 3339 1427 3402 eius
1458 3343 1550 3422 parte
1575 3341 1607 3404 at
1638 3338 1794 3421 portione,
1827 3338 1909 3404 sicut
1939 3339 1973 3402 in

526 3443 641 3510 charta
657 3442 841 3528 praedictae
858 3445 1038 3528 emptionis,
1057 3461 1139 3526 quae
1155 3429 1253 3528 penes
1270 3444 1470 3529 praedictum
1489 3445 1637 3508 Priorem
1653 3445 1692 3510 ad
1709 3445 1867 3510 cautelam
1883 3465 1972 3530 prae

526 3549 602 3618 dicti
626 3551 814 3615 Monasterii
830 3551 994 3622 remansit,
1012 3549 1138 3636 plenius
1162 3553 1355 3616 continetur.
1373 3551 1464 3626 Quod
1480 3551 1631 3618 videlicet
1651 3553 1700 3618 ius
1724 3556 1757 3618 et
1771 3552 1973 3638 privilegiale

526 3656 699 3722 dominium
723 3662 755 3722 et
778 3659 1008 3743 proprietatem
1033 3677 1115 3741 quae
1139 3659 1198 3743 ipsi
1222 3660 1420 3726 monasterio
1440 3659 1622 3744 pertinebat
1644 3662 1677 3725 in
1701 3661 1867 3746 praedicta
1882 3665 1974 3727 terra

512 3749 598 3831 'cum
621 3785 696 3831 oasa
719 3764 759 3829 de
782 3769 874 3830 curte
898 3765 1052 3848 Dopnica,
1077 3766 1145 3849 ipse
1171 3767 1267 3829 Prior
1290 3772 1475 3851 permutare
1499 3765 1674 3850 quaerebat
1701 3787 1773 3831 oum
1798 3767 1972 3852 praedictis

525 3875 597 3939 octo
621 3872 722 3936 unciis
746 3877 779 3939 et
800 3873 898 3936 tertia
921 3871 960 3936 de
984 3871 1152 3938 duodecim
1169 3873 1272 3938 unciis
1288 3873 1327 3937 do
1343 3874 1517 3958 praedictis
1533 3873 1655 3940 duabus
1678 3875 1776 3939 terris
1799 3894 1872 3940 cum
1889 3875 1972 3940 casis

526 3983 561 4067 et
579 3979 735 4052 orticello,
761 3997 799 4043 eo
823 3977 907 4062 quod
929 3998 972 4044 ex
988 3975 1071 4064 'ipsis
1086 3986 1158 4044 octo
1176 3981 1278 4045 unciis
1294 3985 1326 4044 et
1340 3982 1439 4045 tertia
1455 3979 1494 4044 da
1511 3979 1677 4045 duodecim
1700 3983 1803 4048 unciis
1819 3981 1859 4048 de
1875 4001 1969 4066 praa-

525 4085 617 4154 diotis
640 4085 761 4151 duabus
784 4088 884 4150 terris
907 4106 980 4151 cum
1004 4087 1089 4151 casis
1115 4093 1148 4151 et
1170 4087 1318 4154 orticello
1343 4087 1509 4172 plusquam
1541 4094 1672 4154 tarenos
1702 4090 1773 4154 auri
1798 4088 1909 4155 decem
1940 4094 1973 4154 et

525 4198 647 4279 septem
670 4193 843 4279 pervenire
866 4197 1017 4277 poterant
1037 4193 1140 4258 eidam
1156 4195 1352 4259 monasterio
1369 4195 1402 4258 in
1419 4193 1592 4260 maioribus
1609 4194 1784 4262 redditibus
1807 4197 1972 4261 annuatim

525 4301 599 4384 quia
621 4319 707 4365 nunc
731 4298 833 4364 solum
856 4319 1011 4385 praesens
1035 4305 1158 4384 tempus
1182 4300 1363 4384 praedictas
1386 4301 1464 4366 duas
1481 4321 1572 4366 casas
1597 4307 1629 4366 et
1652 4302 1834 4368 orticellum
1851 4304 1973 4368 locatos

524 4405 596 4472 fore
619 4406 743 4472 invonit
765 4406 848 4471 idem
867 4407 965 4471 Prior
981 4407 1196 4493 praecedento
1213 4408 1421 4501 inquisitione
1437 4409 1604 4493 sollempni
1620 4429 1680 4494 pro
1703 4410 1974 4495 vigintiquinque

525 4516 648 4580 tarenis
672 4515 743 4580 auri
767 4519 799 4580 et
822 4513 961 4579 medium
987 4517 1019 4579 in
1046 4514 1174 4580 redditu
1201 4515 1341 4586 annuali.
1367 4522 1501 4601 propter
1533 4515 1616 4600 quod
1640 4517 1723 4582 idem
1748 4519 1847 4582 Prior
1869 4519 1974 4604 potius

525 4641 585 4708 pro
608 4621 745 4688 utilitate
768 4627 801 4686 et
823 4620 958 4685 comodo
983 4623 1167 4687 monasterii
1192 4621 1350 4708 praedicti
1373 4622 1495 4687 habere
1519 4623 1617 4709 elegit
1648 4623 1788 4707 quolibet
1815 4644 1900 4690 anno
1923 4629 1972 4690 ta-

525 4747 623 4794 renos
645 4731 716 4793 auri
740 4727 851 4792 decem
876 4732 909 4792 et
929 4734 1061 4813 septem,
1088 4747 1181 4812 quam
1206 4729 1346 4813 quinque
1362 4736 1492 4794 tarenos
1507 4734 1632 4796 tantum
1648 4731 1701 4813 qui
1725 4750 1767 4796 ex
1791 4731 1860 4816 ipsa
1882 4737 1973 4797 terra

525 4855 598 4901 cum
622 4854 697 4900 casa
719 4834 758 4900 ad
783 4834 914 4900 (lurtum
938 4835 1106 4920 dopnicam
1130 4838 1295 4901 annuatim
1322 4836 1490 4901 debentur.
1516 4836 1607 4902 Unde
1629 4827 1698 4923 ipse
1722 4839 1820 4902 Prior
1849 4838 1972 4904 utiliter

525 4942 669 5028 gerendo
685 4961 814 5006 causam
839 4945 871 5007 et
895 4944 1058 5028 negotium
1074 4941 1230 5026 praedicti
1247 4943 1444 5016 monasterii,
1461 4962 1500 5007 ac
1523 4963 1583 5028 pro
1606 4944 1676 5009 eius
1695 4950 1797 5030 parte.
1822 4945 1863 5010 de
1886 4965 1972 5010 man-

525 5048 608 5122 dato,
634 5049 765 5114 licentia
787 5054 820 5114 et
842 5047 1007 5114 voluntate
1031 5048 1166 5135 predicti
1191 5048 1244 5113 dni
1262 5048 1404 5123 Abbatis,
1422 5069 1483 5114 nec
1506 5070 1570 5114 non
1587 5071 1660 5116 cum
1677 5071 1838 5118 consensu
1860 5057 1893 5118 et
1915 5072 1971 5116 vo-

524 5157 649 5223 luntate
680 5159 858 5223 conventus
889 5155 1047 5242 praedicti
1070 5157 1270 5230 Monasterii,
1295 5157 1378 5222 sicut
1406 5157 1436 5221 ei
1459 5157 1588 5242 placuit,
1612 5178 1673 5243 per
1704 5161 1970 5232 convenientiam,

523 5284 584 5350 per
614 5264 700 5330 hanc
731 5268 865 5338 cartam,
890 5264 1135 5349 permutationis
1167 5263 1279 5330 ordine
1310 5264 1398 5330 dedit
1429 5268 1462 5329 et
1487 5264 1619 5330 tradidit
1648 5267 1708 5352 ipsi
1739 5266 1883 5332 Landoni
1912 5285 1971 5353 pro

524 5377 617 5458 parte
633 5371 797 5458 predictae
814 5371 925 5436 uxoris
942 5391 1018 5436 suae
1042 5377 1076 5438 et
1091 5376 1184 5456 parte
1201 5377 1359 5458 cognatae
1375 5391 1462 5444 suae,
1480 5372 1639 5456 integram
1656 5373 1831 5458 predictam
1849 5380 1970 5441 terram

527 5499 600 5546 cum
617 5499 701 5544 casa.
719 5499 784 5542 nno
801 5477 919 5546 solario
936 5477 1076 5548 solerata
1091 5487 1125 5544 et
1140 5480 1350 5552 camminatis,
1369 5484 1401 5543 et
1424 5478 1511 5544 scala
1533 5479 1641 5565 lignea
1664 5480 1802 5564 qualiter
1824 5483 1971 5568 superius
