4460 6306
531 683 575 749 74
1059 699 1224 749 nmmum
1248 696 1442 744 narnumrra

533 916 720 982 solvendum
751 936 810 1002 per
841 914 987 981 eumdem
1017 916 1159 1001 priorem
1192 919 1224 980 et
1254 917 1497 1000 procuratorem
1515 911 1555 977 de
1578 914 1702 998 praetio
1725 913 1917 980 venditionis
1939 920 1971 979 et

532 1022 711 1089 traditionis
742 1023 935 1107 praedictae,
967 1021 1050 1087 idem
1081 1019 1269 1106 magnificus
1300 1021 1418 1085 Petrus
1448 1025 1481 1084 et
1511 1021 1579 1086 eius
1609 1020 1747 1086 heredes
1778 1020 1975 1106 praedictam

531 1136 631 1197 totam
655 1135 688 1196 et
709 1131 868 1216 integram
884 1135 1007 1195 terram
1031 1130 1178 1213 superius
1201 1127 1384 1194 distinctam
1407 1126 1595 1192 usufruendi
1619 1129 1749 1193 nomine
1779 1133 1920 1194 teneant.
1963 1135 1977 1194 t

532 1237 572 1304 de
594 1237 763 1306 usufructu
786 1239 855 1303 eius
878 1235 962 1321 quod
984 1236 1147 1302 voluerint
1170 1235 1298 1300 faciant.
1325 1236 1375 1300 lta
1404 1233 1488 1317 quod
1518 1234 1643 1301 fructus
1673 1235 1748 1300 inde
1779 1236 1975 1322 percipiendi

532 1366 592 1431 per
615 1345 761 1411 eumdem
785 1345 974 1430 Magistrum
999 1344 1132 1408 Petrum
1156 1348 1188 1408 et
1212 1343 1279 1408 eius
1303 1341 1440 1406 heredes
1463 1360 1527 1406 non
1552 1347 1762 1407 numerentur
1788 1344 1821 1408 in
1845 1349 1974 1414 sortem,

532 1457 565 1518 et
588 1473 630 1518 ex
653 1472 738 1518 nunc
762 1450 846 1517 idem
869 1452 959 1536 prior
982 1455 1014 1516 et
1036 1456 1230 1536 procurator
1246 1469 1306 1535 pro
1330 1455 1422 1534 parte
1446 1447 1682 1533 praedictorum
1701 1449 1834 1515 Abbatis
1858 1455 1890 1516 et
1906 1471 1978 1516 con·

532 1565 656 1633 ventus,
681 1560 757 1644 ipsis
781 1559 905 1624 Abbate
929 1564 961 1624 et
984 1564 1146 1625 conventu
1169 1555 1400 1642 praesentibus,
1425 1555 1615 1629 volentibus,
1648 1558 1921 1624 consentientibus
1944 1565 1977 1624 et

533 1673 637 1733 ratum
661 1666 860 1736 habentibus,
886 1665 989 1731 eidem
1021 1668 1175 1750 magistro
1206 1666 1302 1730 Petro
1334 1669 1367 1731 et
1395 1663 1480 1728 illius
1511 1663 1693 1737 heredibus,
1726 1684 1890 1749 quousque
1919 1685 1978 1751 per

533 1775 661 1842 eosdem
684 1773 841 1840 Abbatem
864 1778 897 1838 et
919 1773 1116 1839 conventum
1148 1771 1284 1858 predicti
1316 1772 1512 1842 Monasterii,
1545 1791 1767 1837 successorum
1799 1793 1920 1846 eorum,
1945 1779 1978 1840 et

533 1887 643 1968 partes
666 1881 820 1967 praedicti
845 1882 1035 1946 Monasterii
1059 1880 1163 1946 eidem
1186 1880 1343 1966 Magistro
1368 1881 1467 1944 Petro
1491 1883 1524 1943 et
1551 1879 1636 1944 illius
1666 1879 1840 1945 heredibus
1863 1880 1978 1946 dentur

534 1995 566 2055 et
589 1989 784 2055 exolventur
806 1987 970 2072 predictae
993 1988 1109 2053 XXIII
1135 1989 1249 2052 unciae
1273 1986 1420 2052 residuae
1444 1985 1484 2051 ad
1508 1985 1694 2051 solvendum
1719 1991 1755 2054 ut
1776 1986 1895 2052 dictum
1919 1993 1976 2061 est,

534 2096 574 2162 de
597 2097 721 2181 praetio
744 2095 936 2181 supradicto,
961 2094 1063 2159 libere
1087 2099 1119 2158 et
1141 2096 1211 2160 sine
1233 2095 1311 2158 vitio
1331 2095 1507 2179 pravItatis,
1525 2097 1557 2158 et
1581 2113 1652 2158 cum
1680 2093 1877 2178 plenitudine
1900 2096 1978 2160 iuris

533 2209 693 2287 tamquam
716 2202 937 2267 benemerenti
961 2201 1101 2274 donavit,
1127 2205 1160 2266 et
1182 2200 1328 2266 eumdem
1353 2202 1439 2286 llag.
1458 2201 1593 2266 Petrum
1619 2205 1653 2268 et
1674 2201 1813 2266 heredes
1836 2203 1915 2273 eius,
1929 2203 1981 2267 do-

533 2312 672 2376 nationis
694 2311 785 2376 titulo
809 2309 930 2375 habere
954 2309 1055 2375 voluit
1078 2310 1163 2373 inter
1187 2309 1286 2374 vivos.
1312 2307 1403 2374 Unde
1434 2328 1494 2392 per
1525 2310 1781 2374 convenientiam
1805 2311 1873 2396 ipse
1896 2331 1978 2396 mag.

537 2420 653 2484 Petrus
676 2417 823 2504 guadiam
848 2417 950 2482 eidem
974 2416 1082 2481 Priori
1106 2421 1138 2481 et
1160 2417 1365 2501 procuratori
1388 2435 1448 2500 pro
1472 2420 1563 2502 parte
1587 2415 1822 2501 praedictorum
1847 2417 1979 2484 Abbatis

535 2531 567 2591 et
590 2530 768 2591 conventus
791 2529 823 2590 et
839 2522 941 2589 eidem
960 2524 1090 2589 Notario
1107 2524 1291 2590 Constantio
1315 2522 1401 2589 dedit
1426 2527 1457 2588 et
1473 2521 1678 2588 fideiussores
1702 2525 1748 2590 eis
1768 2544 1826 2609 pro
1850 2545 1981 2592 suorum
2069 2545 2077 2566 ⁸

535 2633 664 2697 illorum
687 2637 778 2716 parte
803 2632 907 2717 posuit
930 2631 1144 2715 semetipsum,
1170 2630 1408 2695 Pandnlfellam
1431 2650 1567 2695 uxorem
1591 2651 1690 2702 suam,
1705 2633 1740 2695 I).
1768 2633 1900 2699 Petrum
1924 2634 1980 2698 (Io

535 2741 652 2810 mitem,
677 2738 809 2802 militem
833 2736 1021 2803 Guidocium
1045 2738 1201 2804 comitem,
1227 2757 1399 2822 germanos
1421 2734 1503 2802 filios
1527 2756 1556 2821 q.
1582 2738 1617 2800 I).
1636 2737 1800 2804 Matthaei.
1827 2740 1979 2806 Ioannem

536 2848 740 2911 Aversanum
763 2842 863 2909 fllium
886 2864 917 2930 q.
935 2841 1097 2929 Magnifici
1115 2845 1289 2916 Laurentii,
1308 2846 1460 2909 Ioannem
1478 2845 1719 2910 biarchisanum
1742 2843 1842 2911 filium
1858 2867 1886 2930 q.
1902 2849 1980 2913 Mat·

534 2954 631 3026 thasi,
658 2953 834 3038 bogerium
858 2953 1111 3023 Scattereticam,
1137 2951 1300 3016 Andream
1324 2955 1356 3017 et
1375 2952 1540 3016 Nicolaum
1564 2971 1735 3037 germanos
1759 2949 1841 3019 filios
1859 2974 1888 3038 q.
1907 2955 1981 3020 Phi·

535 3060 622 3146 lippi,
652 3079 787 3144 qnorum
818 3057 1021 3124 fideiussione
1050 3058 1182 3142 quilibet
1212 3057 1352 3126 lidentur
1383 3061 1416 3122 in
1447 3059 1591 3124 solidum.
1620 3061 1860 3127 Renunciantes
1883 3082 1980 3147 snper

534 3166 618 3232 haec
641 3171 754 3252 sponte
776 3164 932 3231 beneflcio
956 3167 1109 3251 epistolae
1133 3165 1197 3229 divi
1224 3166 1381 3231 Hadriani
1406 3173 1438 3232 et
1465 3186 1548 3231 novo
1579 3169 1650 3232 iure
1681 3168 1915 3233 autenticarum
1940 3168 1979 3234 de

534 3273 655 3340 duobus
680 3275 753 3341 reis.
779 3275 821 3340 Et
843 3293 903 3358 pro
926 3275 994 3357 ipsa
1017 3273 1133 3359 guenta
1156 3274 1224 3359 ipse
1248 3275 1400 3358 magister
1425 3275 1542 3341 Petrus
1573 3273 1747 3359 obbligavit
1778 3295 1812 3340 se
1843 3281 1876 3340 et
1904 3296 1978 3341 suos

534 3381 673 3447 heredes
695 3400 822 3466 semper
852 3379 1027 3446 defendere
1058 3379 1200 3466 partibus
1231 3380 1404 3467 supradicti
1437 3382 1625 3445 Monasterii
1657 3389 1689 3446 et
1720 3380 1823 3447 eidem
1847 3383 1978 3448 Notari0

488 3535 492 3546 -
536 3489 721 3555 Constantio
737 3493 769 3553 et
784 3487 869 3553 Illius
885 3487 1058 3553 heredibus
1074 3488 1233 3573 integram
1250 3487 1465 3573 supradictam
1480 3488 1698 3554 venditionem
1714 3493 1746 3554 et
1761 3488 1977 3562 traditionem,

535 3595 673 3679 qualiter
695 3613 793 3680 supra
815 3594 943 3680 legitur,
968 3593 1009 3659 ab
1033 3594 1178 3660 omnibns
1201 3594 1390 3676 hominibus.
1418 3596 1459 3660 Et
1487 3594 1600 3660 tribuit
1630 3595 1793 3661 licentiam
1824 3601 1859 3661 ut
1881 3616 1978 3681 quum

534 3708 643 3789 partes
666 3703 876 3788 suprascripti
900 3701 1087 3768 Monasterii
1112 3707 1143 3766 et
1166 3702 1349 3788 praedictus
1375 3704 1523 3767 Notarius
1547 3702 1750 3768 constantius
1775 3707 1807 3768 et
1830 3705 1898 3769 eius
1921 3704 1979 3770 he-

534 3809 628 3876 redes
652 3810 823 3881 voluerint,
848 3814 1038 3894 potestatem
1062 3809 1201 3874 habeant
1224 3808 1367 3874 eamdem
1390 3808 1610 3874 venditionem
1634 3813 1667 3876 et
1695 3809 1900 3876 traditionem
1924 3809 1980 3874 de-

535 3915 669 3983 fendere
692 3917 830 4000 qualiter
852 3917 1023 3988 voluerint,
1049 3935 1120 3980 cum
1145 3914 1289 3981 omnibus
1313 3915 1539 3980 muniminibus
1571 3921 1602 3980 et
1634 3916 1810 3982 rationibus
1840 3937 1919 4000 quas
1941 3916 1981 3980 de

490 4057 493 4064 ⁴
536 4045 575 4090 ea
598 4023 805 4090 ostenderint.
832 4025 875 4090 Et
897 4024 921 4088 si
947 4024 1029 4088 sicut
1051 4023 1199 4106 superius
1222 4023 1375 4107 scriptum
1392 4027 1440 4087 est
1456 4025 1524 4108 ipse
1548 4024 1702 4108 magister
1718 4023 1835 4088 Petrus
1858 4025 1981 4088 eteius

535 4129 674 4196 heredes
697 4150 761 4194 non
785 4129 1041 4215 adimpleverint,
1059 4135 1090 4196 et
1115 4131 1333 4214 suprascripta
1355 4129 1408 4194 vel
1425 4149 1467 4194 ex
1491 4131 1537 4194 eis
1559 4129 1709 4215 quidquid
1733 4150 1904 4195 removere
1926 4135 1982 4195 aut

535 4236 759 4303 contradicere
782 4237 1064 4322 praesumpserint,
1082 4256 1141 4321 per
1163 4237 1264 4321 ipsam
1288 4236 1435 4321 guadiam
1459 4236 1612 4321 obligavit
1634 4257 1669 4303 se
1693 4243 1724 4302 et
1748 4259 1821 4303 suos
1844 4237 1982 4304 heredes

535 4363 729 4430 componere
752 4343 896 4429 partibus
919 4343 1129 4427 suprascripti
1155 4344 1342 4407 Monasterii
1373 4349 1405 4408 et
1435 4343 1600 4428 praedicto
1635 4346 1765 4410 Notario
1797 4346 1980 4412 Constantio

535 4456 568 4517 et
591 4451 676 4516 illius
699 4449 892 4516 haeredibus
915 4451 1146 4535 quinquaginta
1162 4450 1366 4535 Augustales,
1386 4455 1418 4515 et
1441 4453 1524 4517 sicut
1547 4453 1701 4537 scriptum
1717 4457 1775 4522 est,
1793 4451 1979 4537 adimplere.

536 4555 599 4633 Qui
622 4557 773 4623 videlicet
788 4559 944 4644 Magister
961 4559 1077 4622 Petrus
1102 4557 1247 4622 eumdem
1265 4558 1413 4622 Priorem
1441 4565 1473 4624 et
1496 4564 1750 4643 procuratorem,
1767 4561 1895 4625 nomine
1918 4579 1980 4642 quo

535 4657 642 4750 supra,
656 4669 690 4732 et
711 4664 910 4750 praedictum
930 4665 1095 4730 Notarium
1112 4664 1330 4730 Constantium
1355 4664 1394 4729 de
1417 4667 1637 4751 suprascripta
1657 4665 1840 4730 venditione
1864 4671 1896 4730 et
1918 4671 1983 4731 tra·

532 4770 651 4837 ditione
675 4773 781 4857 reipsa
803 4773 837 4836 in
860 4791 981 4842 veram,
1008 4790 1142 4835 vacuam
1166 4777 1198 4836 et
1222 4771 1425 4856 corporalem
1448 4775 1680 4856 possessionem
1704 4771 1838 4838 induxit.
1864 4773 1980 4858 Supra-

534 4880 655 4964 scripta
678 4879 756 4944 fecit
780 4880 848 4964 ipsa
874 4877 1079 4944 Panduliella
1102 4883 1224 4963 sponte,
1249 4879 1376 4964 puplice
1400 4884 1433 4943 et
1455 4877 1539 4943 bona
1561 4877 1632 4952 fide,
1658 4899 1731 4944 cum
1761 4879 1925 4946 voluntate
1949 4885 1983 4945 et

534 4987 726 5054 auctoritate
749 4985 905 5072 praedicti
929 4986 990 5050 viri
1016 4987 1073 5054 sui,
1098 4987 1132 5050 in
1156 4987 1245 5051 cuius
1269 4985 1397 5050 mundio
1427 5006 1461 5051 se
1494 5007 1564 5051 esse
1595 4987 1684 5060 dixit,
1710 4993 1742 5052 et
1765 4987 1895 5052 decreto
1920 4988 1983 5051 mei

533 5093 587 5178 qui
610 5112 708 5179 supra
731 5093 854 5163 iudicis,
878 5113 917 5158 ac
941 5095 1136 5160 anctoritate
1160 5092 1315 5178 praedicti
1340 5092 1492 5158 Iohannis
1520 5095 1725 5166 marchisam,
1751 5095 1907 5180 genitoris
1934 5093 1983 5159 sui

535 5201 629 5266 electi
653 5198 712 5265 sibi
737 5220 795 5286 per
819 5219 890 5266 eam
913 5198 1097 5265 mundualdi
1121 5199 1161 5264 ad
1185 5200 1271 5264 hanc
1293 5220 1433 5272 causam,
1455 5205 1487 5265 et
1511 5221 1569 5286 per
1593 5223 1643 5266 me
1667 5201 1879 5288 subscriptum
1906 5199 1982 5266 indi-

536 5329 606 5374 cem
630 5305 819 5400 confirmati,
851 5307 1026 5374 secundnm
1059 5327 1150 5372 usum
1175 5312 1207 5372 et
1237 5307 1498 5374 consuetudinem
1530 5310 1667 5374 civitatis
1698 5309 1835 5382 Salerni,
1861 5327 1919 5395 pro
1943 5329 1981 5374 eo

534 5413 618 5500 qnod
641 5416 673 5480 in
697 5421 866 5482 contractu
890 5415 965 5481 dicti
989 5415 1052 5478 viri
1076 5420 1108 5480 et
1132 5413 1316 5480 mundualdi
1340 5415 1417 5482 eius.
1443 5416 1526 5480 sicut
1552 5435 1659 5501 supra,
1685 5415 1819 5480 accedit.
1846 5416 1978 5481 Renun-

535 5525 624 5594 ctnns
646 5542 720 5588 cum
743 5522 862 5589 eisdem
885 5523 1076 5589 auctoritate
1100 5527 1132 5588 et
1155 5521 1295 5596 decreto,
1323 5523 1351 5584 V
1355 5521 1506 5607 elleyani,
1525 5527 1556 5588 et
1580 5523 1763 5608 specialiter
1785 5523 1848 5588 iuri
1871 5527 1981 5590 auten-
