4460 6306
541 575 584 638 64
862 662 864 668 s
1069 593 1234 642 erovnrvur
1257 594 1451 641 nereus-:urs

536 809 596 894 ipsi
620 808 814 874 monasterio
838 808 869 874 S.
896 809 1017 874 Nicolai
1041 809 1143 894 magis
1166 808 1244 874 utile
1268 812 1300 872 et
1323 808 1543 873 necessarium
1566 808 1615 872 sit.
1641 807 1683 871 Et
1707 811 1756 870 est
1778 805 1909 870 maioris
1931 821 1985 866 va-

535 915 623 988 loris,
649 915 792 981 melioris
818 914 992 980 redditibus
1008 923 1040 982 et
1055 920 1231 1002 proventus
1253 934 1348 999 quam
1372 915 1538 999 praedicta
1560 919 1652 979 terra
1675 933 1748 978 eum
1769 916 1934 978 castaneto
1951 916 1983 976 et

540 1023 635 1098 silva;
659 1023 798 1088 maxime
822 1043 895 1088 eum
917 1024 950 1087 in
973 1023 1036 1089 bae
1051 1023 1286 1108 permutatione
1303 1022 1442 1088 conditio
1459 1023 1557 1107 ipsius
1572 1022 1759 1088 monasterii
1776 1019 1984 1084 remeliorata

538 1131 589 1206 sit,
608 1150 679 1194 cum
695 1131 728 1194 in
752 1129 895 1195 redditus
911 1135 944 1195 et
959 1130 1168 1216 proventibus
1183 1131 1281 1216 ipsius
1294 1129 1408 1196 debitis
1423 1150 1488 1194 non
1506 1130 1667 1194 restrictio
1683 1128 1739 1194 sed
1762 1132 1980 1213 augmentum:

537 1243 571 1305 et
593 1237 688 1302 nulla
710 1237 854 1322 deceptio
879 1239 947 1302 sive
970 1238 1048 1334 lesio
1076 1239 1109 1302 in
1132 1238 1367 1322 permutatione
1390 1238 1459 1321 ipsa
1482 1257 1544 1302 nec
1558 1237 1666 1321 aliqua
1686 1235 1918 1301 circumventio
1934 1235 1985 1298 in-

536 1347 687 1418 tervenit.
713 1344 769 1410 sed
793 1344 938 1430 diligenti
962 1345 1165 1429 inquisitione
1189 1343 1276 1411 lacta
1298 1346 1343 1410 ita
1367 1345 1534 1409 inventum
1565 1348 1622 1414 est.
1652 1345 1734 1410 sicut
1756 1333 1905 1427 superius
1936 1347 1985 1406 est

537 1473 734 1539 expressum.
760 1452 852 1519 Unde
875 1471 934 1537 per
964 1453 1222 1518 convenientiam
1253 1455 1320 1539 ipse
1349 1451 1484 1518 lacobus
1515 1451 1663 1536 guadiam
1694 1452 1751 1537 ipsi
1786 1451 1894 1515 Priori
1921 1468 1981 1535 pro

538 1565 632 1646 parte
654 1559 791 1646 predicti
815 1561 1004 1625 Monasterii
1028 1559 1059 1626 S.
1088 1560 1208 1625 Nicolai
1234 1559 1320 1624 dedit
1335 1565 1368 1625 et
1382 1557 1585 1624 fideiussores
1609 1559 1707 1645 ipsius
1731 1559 1759 1624 ei
1776 1578 1835 1643 pro
1852 1557 1981 1622 illorum

537 1673 630 1754 parte
654 1668 759 1753 posuit
782 1669 996 1752 semetipsum,
1020 1667 1199 1732 Adeliciarn
1223 1687 1359 1733 uxorem
1383 1687 1482 1738 suam,
1508 1665 1667 1731 Rubinam
1695 1663 1793 1731 filiam
1817 1685 1928 1730 eorum
1952 1669 1985 1729 et

538 1777 800 1840 Bonaventuram
823 1795 980 1859 generum
1003 1794 1114 1839 eornm
1138 1771 1237 1840 filium
1262 1793 1291 1858 q.
1316 1775 1455 1841 Ioannis.
1482 1775 1524 1840 Et
1547 1794 1606 1858 per
1629 1774 1728 1858 ipsam
1753 1772 1902 1859 guadiam
1919 1773 1986 1856 ipse

539 1881 674 1948 lacobus
698 1881 812 1946 obtulit
834 1901 869 1946 se
893 1886 926 1947 et
949 1901 1024 1946 suos
1047 1880 1184 1946 heredes
1208 1900 1336 1966 semper
1359 1880 1536 1946 defendere
1565 1879 1710 1966 partibus
1734 1880 1889 1965 praedicti
1914 1869 1986 1944 Mo-

537 1991 670 2056 nasterii
695 1990 726 2055 S.
754 1989 876 2054 Nicolai
899 1990 1060 2073 integram
1091 1989 1287 2074 praedictam
1315 1989 1594 2074 permutationem,
1623 1987 1793 2058 dationem.
1826 1993 1859 2055 et
1888 1986 1986 2052 tradi-

537 2097 666 2168 tionem,
692 2095 830 2180 qualiter
853 2095 1103 2180 superleguntur
1127 2094 1166 2160 ab
1190 2094 1336 2160 omnibus
1358 2095 1550 2166 hominibus,
1577 2094 1743 2160 attribuit
1765 2094 1928 2160 licentiam
1951 2099 1987 2160 ut

537 2203 665 2288 quando
688 2208 798 2289 partes
822 2203 919 2287 ipsius
944 2203 1133 2267 Monasterii
1156 2203 1328 2272 voluerint,
1352 2207 1544 2286 potestatem
1567 2201 1710 2268 babeant
1734 2201 1879 2266 eamdem
1911 2220 1986 2286 per-

539 2311 758 2382 mutationem,
783 2310 944 2376 dationem
968 2313 1002 2376 et
1022 2309 1227 2377 traditionem
1243 2330 1302 2394 per
1318 2329 1353 2374 se
1369 2308 1545 2374 defendere
1561 2309 1700 2393 qualiter
1723 2309 1895 2381 voluerint,
1913 2328 1987 2373 cum

540 2418 685 2484 omnibus
709 2415 935 2483 muniminibus
958 2423 991 2482 et
1015 2415 1191 2482 rationibus
1215 2436 1293 2501 quas
1316 2416 1356 2482 de
1380 2437 1419 2482 ea
1443 2417 1651 2482 ostenderint.
1679 2418 1719 2484 m
1741 2418 1768 2482 si
1792 2417 1874 2481 sicut
1889 2434 1987 2501 supra

540 2527 694 2611 scriptum
718 2529 776 2596 est,
801 2526 870 2611 ipse
895 2523 1030 2590 lacobus
1052 2529 1083 2589 et
1107 2526 1175 2589 eius
1206 2523 1344 2589 heredes
1374 2543 1438 2587 non
1469 2523 1648 2610 adimplere
1672 2530 1704 2590 et
1734 2523 1900 2610 praedicta
1930 2528 1986 2588 aut

540 2652 583 2698 ex
606 2633 652 2699 eis
675 2631 825 2717 quidquid
849 2651 1020 2697 removere
1042 2637 1098 2696 aut
1121 2631 1345 2697 contradicere
1369 2631 1652 2717 praesumpserint,
1684 2651 1745 2715 per
1772 2632 1871 2715 ipsam
1906 2649 1985 2716 gua-

540 2741 624 2806 diam
654 2740 769 2806 obtulit
799 2760 834 2806 se
865 2744 898 2805 et
926 2760 999 2806 suos
1028 2738 1167 2805 heredes
1199 2759 1393 2824 componere
1428 2737 1571 2823 partibus
1606 2737 1763 2824 praedicti
1793 2738 1984 2804 Monasterii

541 2849 571 2915 S.
599 2847 721 2914 Nicolai
745 2848 771 2913 L
794 2847 978 2933 augustales
1001 2852 1034 2912 et
1057 2849 1140 2912 sieut
1163 2866 1261 2931 supra
1284 2847 1439 2931 scriptum
1463 2851 1511 2910 est
1533 2845 1719 2930 adimplere.
1745 2845 1807 2920 Qui
1833 2844 1986 2910 videlicet

540 2956 637 3020 Prior
660 2975 719 3041 pro
743 2959 835 3041 parte
858 2953 1015 3040 praedicti
1041 2955 1227 3022 llonasterii
1254 2954 1457 3018 renunciavit
1473 2955 1505 3018 in
1522 2952 1583 3018 hac
1606 2959 1698 3037 parte
1721 2951 1878 3018 beneficio
1895 2953 1987 3018 resti·

539 3063 670 3129 tutionis
693 3063 727 3127 in
750 3062 922 3146 integrum.
947 3061 1116 3146 privilegio
1140 3061 1370 3130 Ecclesiamm.
1395 3060 1673 3127 constitutionibus
1697 3059 1920 3146 Imperialibus
1951 3066 1984 3125 et

540 3170 685 3236 omnibus
709 3171 788 3235 iuris
811 3169 957 3234 canonici
982 3174 1014 3234 et
1037 3168 1139 3233 civilis
1163 3169 1300 3240 auxiliis,
1325 3167 1438 3252 quibus
1463 3172 1577 3234 contra
1599 3168 1798 3253 praedictam
1825 3173 1985 3254 permuta·

540 3278 670 3350 donem,
695 3275 855 3342 dationem
879 3282 911 3341 et
933 3275 1138 3340 traditionem
1161 3277 1274 3340 venire
1298 3280 1412 3361 posset.
1435 3275 1507 3340 lloc
1529 3280 1637 3341 autem
1660 3275 1901 3341 memorandum
1925 3280 1983 3347 est,
2009 3293 2015 3304 ’

540 3386 614 3468 quia
634 3383 705 3448 ideo
729 3385 762 3447 iu
785 3383 848 3451 hoc
864 3384 1124 3450 contractuiuris
1139 3383 1286 3447 canonici
1303 3387 1336 3449 et
1351 3383 1454 3448 civilis
1477 3382 1675 3448 sollemnitas
1697 3384 1731 3447 in
1755 3383 1901 3448 omnibus
1916 3401 1982 3448 non

494 3493 497 3504 “
542 3492 647 3557 extitit
670 3489 849 3558 observata.
874 3490 1010 3574 quiade
1034 3491 1166 3574 antiqua
1189 3496 1222 3554 et
1244 3488 1421 3575 approbata
1444 3490 1674 3556 consuetudine
1697 3491 1835 3556 civitatis
1859 3491 1985 3557 Salerni

539 3604 588 3666 est
610 3599 741 3664 liuentia
764 3605 796 3663 et
819 3598 988 3683 privilegia
1011 3599 1096 3662 inter
1127 3599 1321 3662 monasteria
1352 3603 1384 3662 et
1414 3598 1577 3663 Ecclesiae
1608 3598 1686 3662 sitas
1715 3600 1748 3663 in
1780 3597 1916 3664 Salerno
1948 3603 1982 3662 et

539 3705 742 3792 pertinentiis
765 3705 842 3778 eius,
867 3710 899 3771 et
922 3707 1009 3770 cives
1033 3701 1221 3774 Salerni'in
1238 3703 1416 3770 huiusmodi
1434 3703 1652 3771 contractibus
1669 3712 1702 3770 et
1724 3704 1887 3778 similibus,
1905 3705 1987 3770 iuris

539 3813 686 3878 canonici
710 3816 743 3876 et
766 3811 869 3876 civilis
892 3811 1139 3876 sollemnitatem
1161 3811 1282 3876 nonin
1306 3809 1452 3877 omnibus
1476 3810 1652 3876 observare
1676 3810 1750 3876 dum
1773 3818 1882 3878 tamen
1915 3811 1989 3876 Mo-

539 3921 683 3986 nasteria
705 3938 763 3985 seu
787 3919 953 3984 Ecclesiae
976 3920 1064 4003 ipsae
1087 3919 1119 3982 iu
1152 3918 1369 3983 contractibus
1400 3919 1476 4002 ipsis
1504 3917 1719 3986 conditionem
1743 3939 1832 3985 suam
1863 3918 1987 3984 faciant

539 4027 714 4092 meliorem.
740 4025 914 4092 Praedicta
938 4023 1087 4092 fecerunt
1110 4024 1215 4092 dictae
1239 4025 1390 4090 mulieres
1414 4045 1488 4090 cum
1518 4026 1683 4092 voluntate
1707 4031 1740 4092 et
1762 4027 1987 4112 acceptatione

541 4133 778 4220 praedictorum
802 4131 909 4199 Iacubi
934 4139 966 4198 et
991 4133 1239 4196 Bonaventurae
1262 4133 1375 4217 vigore
1399 4153 1520 4204 earum,
1545 4134 1579 4197 in
1603 4151 1738 4216 quorum
1763 4133 1893 4199 mundio
1916 4152 1989 4198 esse

542 4241 704 4312 dixerunt,
731 4231 942 4305 renuntiando
967 4245 1039 4304 etc..
1067 4240 1261 4304 certioratae
1285 4259 1320 4303 se
1343 4259 1435 4324 posse
1453 4244 1512 4304 etc.
1535 4239 1625 4314 Quae
1642 4241 1749 4305 omnia
1772 4261 1832 4326 ego
1846 4233 1989 4305 ¹Thomas
2029 4251 2033 4260 '

542 4348 690 4435 puplieus
713 4347 840 4413 Salerni
863 4349 1008 4412 notarius
1031 4347 1086 4429 qui
1108 4353 1241 4438 rogatus
1264 4345 1407 4418 interfui,
1432 4348 1546 4432 scripsi
1578 4351 1611 4412 et
1633 4367 1705 4412 meo
1729 4349 1820 4433 siguo
1852 4348 1987 4434 signavi.

543 4455 613 4540 Ego
640 4451 816 4518 Pandullus
841 4451 953 4518 ludex.
1187 4537 1193 4544 .

630 4557 806 4648 [Arebivio
830 4559 921 4625 della
944 4559 1058 4626 Radia
1081 4558 1117 4625 di
1144 4559 1244 4626 Cava.
1271 4559 1359 4624 Arca
1382 4559 1467 4634 LVI,
1491 4579 1523 4624 n.
1550 4557 1619 4647 54].

1246 4879 1289 4947 V.

631 5097 669 5161 In
693 5097 821 5162 nomine
844 5095 898 5160 dni
921 5099 1014 5160 eto...
1040 5095 1135 5160 Anno
1158 5093 1199 5159 ab
1223 5095 1445 5161 incarnatione
1476 5094 1617 5160 eiusdem
1650 5096 1744 5162 1102.
1778 5096 1988 5182 Temporibus

546 5203 600 5268 dui
623 5205 725 5269 nostri
749 5203 882 5289 Rogerii
905 5203 1035 5288 gloriosi
1060 5202 1151 5268 ducis
1174 5221 1283 5266 mense
1308 5203 1400 5267 lunio
1432 5204 1463 5266 Χ
1495 5202 1677 5268 indictione.
1703 5204 1790 5270 Ante
1820 5225 1872 5269 me
1899 5203 1988 5269 Ade-

546 5311 683 5376 marium
708 5310 849 5376 Iudicem
874 5309 986 5375 Blacta
1009 5329 1071 5395 que
1092 5309 1153 5375 fuit
1176 5329 1259 5374 uxor
1282 5328 1311 5392 q.
1337 5311 1465 5375 loannis
1489 5329 1527 5374 ac
1544 5308 1610 5374 lilia
1629 5331 1658 5395 q.
1685 5311 1848 5378 Mausonis
1872 5317 1905 5378 et
1929 5313 1988 5378 Pe·

547 5423 673 5484 tronem
703 5415 802 5483 fllium
833 5416 973 5483 eiusdem
1007 5418 1137 5482 Blactae
1170 5421 1201 5482 et
1231 5417 1439 5502 suprascripti
1466 5418 1597 5483 loannis
1628 5419 1790 5484 coniuncti
1817 5424 1892 5484 suut
1914 5438 1987 5486 cum
