4460 6306
583 680 625 726 nn
649 679 895 730 coususrumm
919 681 1058 730 runnrrn
1083 683 1118 730 nr
1142 683 1291 732 sanarum
1616 664 1658 728 67

222 775 1655 789 ,μω-Ἢ*

901 1110 978 1178 Vll.

299 1325 338 1389 ln
360 1325 490 1390 nomine
513 1323 568 1390 dni
591 1330 685 1391 eto...
710 1324 806 1390 Anno
832 1325 914 1390 1151
942 1330 974 1390 et
998 1326 1078 1390 XXl
1103 1344 1190 1390 anno
1215 1327 1307 1412 regni
1331 1325 1450 1392 domini
1481 1325 1657 1394 00010100·

215 1432 296 1516 gerii
320 1432 422 1497 sicilie
446 1437 479 1498 et
499 1432 602 1518 ytalie
625 1432 845 1518 gloriosissimi
869 1433 956 1517 regis
979 1453 1089 1498 mense
1112 1435 1228 1500 martio
1258 1433 1342 1499 XIV
1370 1432 1553 1500 indictione.
1572 1435 1657 1501 Ante

215 1520 462 1604 me'iohannem
487 1539 622 1604 iudicem
647 1543 746 1626 gayta
769 1540 884 1604 relicta
906 1539 1094 1606 bartolomei
1122 1558 1187 1624 que
1210 1540 1271 1606 fuit
1286 1538 1352 1605 fllia
1366 1538 1507 1626 pandulfi
1523 1539 1656 1616 comitis,

215 1643 894 1730 0011100000100010100001000101111001
923 1648 977 1730 qui
1007 1645 1110 1713 dictus
1142 1652 1191 1712 est
1221 1667 1384 1732 capuanus
1414 1649 1586 1714 coniuncta
1609 1652 1659 1713 001

215 1772 286 1818 cum
310 1754 454 1817 rainerio
478 1755 607 1818 natione
630 1755 741 1838 pisano
764 1750 830 1818 filio
854 1773 883 1837 q.
907 1753 1001 1819 bruni
1026 1753 1128 1839 pisani
1154 1805 1160 1818 .
1186 1755 1254 1840 ipse
1276 1759 1383 1820 tamen
1413 1757 1573 1821 rainerius
1596 1775 1657 1842 pro

215 1865 308 1944 parte
332 1861 520 1926 monasterii
544 1862 744 1926 sanctissime
768 1866 800 1926 et
822 1859 984 1926 individue
1007 1863 1159 1928 trinitatis
1179 1861 1261 1946 qnod
1278 1867 1496 1930 constructum
1513 1867 1562 1928 est
1577 1862 1657 1929 foris

214 1966 298 2032 hauc
323 1968 555 2033 salernitanam
580 1967 742 2034 civitatem
772 1969 805 2032 10
836 1967 907 2032 1000
937 1968 1094 2034 mitiliano
1125 1970 1158 2033 in
1189 1988 1252 2062 000
1282 1968 1416 2036 domnus
1439 1971 1582 2037 marinus
1606 1969 1658 2036 dei

215 2076 322 2159 gratia
344 2075 539 2140 venerabilis
561 2075 659 2141 abbas
676 2079 794 2160 preest.
819 2077 861 2140 Et
883 2077 966 2141 sicut
988 2077 1056 2161 ipse
1079 2081 1177 2166 gayta
1201 2095 1378 2164 congruum
1395 2077 1456 2145 luit
1471 2082 1582 2163 sponte
1597 2097 1657 2165 per

215 2183 472 2248 convenientiam
495 2203 555 2267 per
585 2183 670 2247 hanc
698 2182 878 2248 chartulam
910 2183 1053 2250 vendidit
1083 2185 1141 2269 ipsi
1173 2185 1315 2250 rainerio
1346 2203 1405 2270 pro
1433 2189 1526 2270 parte
1548 2203 1656 2271 supra·

214 2288 327 2374 scripti
358 2290 544 2355 monasterii
575 2291 735 2375 integram
765 2295 887 2355 terram
918 2311 991 2356 oum
1021 2290 1153 2357 arbusto
1184 2299 1217 2357 et
1247 2309 1350 2358 vacuo
1380 2309 1475 2377 quam
1506 2291 1565 2358 sibi
1589 2293 1658 2379 ipsa

214 2399 316 2481 gayta
339 2400 372 2460 et
394 2395 568 2461 heredibus
590 2397 798 2482 suprascripti
822 2396 1035 2463 bartholomei
1058 2401 1225 2484 pertinere
1255 2396 1445 2464 clarificavit
1468 2395 1549 2465 10010
1571 2399 1657 2464 banc

214 2501 392 2586 predictam
416 2503 577 2569 civitatem
602 2505 634 2568 in
658 2503 729 2568 loco
751 2504 903 2569 liciniano
926 2504 1037 2570 subter
1060 2510 1092 2570 et
1114 2523 1215 2592 prope
1238 2507 1407 2572 ecclesiam
1430 2525 1455 2572 s.
1473 2506 1600 2572 eustatii
1616 2505 1656 2572 de

213 2608 326 2674 ecdem
350 2610 422 2674 loco
446 2628 507 2694 que
531 2630 604 2676 cum
627 2610 772 2676 omnibus
797 2611 893 2676 rebus
925 2612 990 2678 suis
1021 2613 1157 2679 ecclesie
1188 2613 1219 2680 S.
1244 2614 1349 2678 Mario
1378 2629 1441 2698 que
1468 2611 1586 2680 dicitur
1616 2613 1656 2680 de

213 2715 330 2781 domno
361 2717 527 2803 pertinens
558 2724 590 2783 et
620 2717 763 2784 subiecta
793 2723 851 2784 est.
881 2723 914 2783 et
944 2720 1013 2804 ipsa
1043 2719 1181 2786 ecclesia
1211 2719 1242 2787 S.
1256 2719 1375 2786 ·1tlarie
1405 2720 1552 2786 similiter
1583 2741 1655 2786 cum

213 2823 361 2889 omnibus
383 2823 481 2890 rebus
504 2825 569 2891 suis
591 2825 651 2911 ipsi
673 2827 869 2890 monasterio
893 2828 1061 2912 pertinens
1083 2847 1123 2893 ac
1145 2826 1289 2893 subiecta
1312 2833 1369 2894 est.
1387 2826 1489 2902 Quam
1504 2827 1655 2894 videlicet

211 2935 336 2998 terram
359 2931 513 2997 dixerunt
539 2951 610 2997 esse
640 2953 699 3019 000
730 2931 810 2998 fines
842 2936 875 2998 01
904 2953 1072 3000 mensuras
1095 2936 1185 3000 iuxto
1208 2955 1303 3020 passu
1327 2935 1465 3000 hominis
1487 2955 1654 3002 mensura-

212 3042 278 3102 tam
303 3043 397 3104 etc...
423 3035 581 3125 [seguono
604 3039 615 3102 i
639 3036 780 3122 confini}
807 3041 848 3105 Et
871 3059 1032 3106 eumuna
1055 3041 1203 3107 chartula
1234 3039 1353 3107 exinde
1384 3042 1569 3108 continente
1593 3060 1655 3127 que

212 3145 335 3230 scripta
365 3148 415 3210 est
443 3165 503 3230 per
531 3150 671 3211 amatum
703 3146 863 3211 notarium
894 3147 928 3211 in
958 3166 1043 3212 anno
1066 3149 1284 3234 suprascripte
1315 3147 1472 3214 dominice
1502 3149 1654 3214 incarna-

212 3253 310 3316 tionis
342 3251 426 3316 1117
459 3250 656 3337 temporibus
687 3251 794 3318 domni
825 3253 977 3339 guilielmi
1010 3253 1142 3339 glorimi
1172 3253 1327 3340 principis
1357 3259 1391 3320 01
1420 3254 1510 3321 10010
1544 3271 1655 3320 mense

212 3359 331 3422 martio
353 3358 478 3423 decima
502 3358 695 3432 indictione„
720 3359 753 3424 10
777 3378 839 3444 000
870 3358 1054 3426 romualdus
1085 3360 1182 3426 iudex
1211 3360 1411 3448 subscriptus
1441 3367 1491 3430 est
1520 3367 1554 3428 et
1582 3379 1683 3428 cum·

211 3465 286 3530 aliis
309 3464 535 3530 muniminibus
559 3464 677 3530 exinde
701 3465 939 3533 continentibus
963 3486 1003 3532 ea
1027 3466 1179 3533 videlicet
1208 3469 1334 3534 ratione
1364 3475 1400 3534 ut
1429 3470 1557 3556 integra
1586 3470 1656 3555 ipsa

210 3570 355 3637 venditio
378 3572 516 3656 qualiter
539 3592 638 3657 supra
659 3573 780 3658 legitur
803 3593 930 3658 semper
953 3576 993 3640 sit
1016 3576 1095 3639 iuris
1118 3581 1151 3641 et
1175 3576 1310 3641 dicionis
1340 3577 1438 3662 ipsius
1468 3578 1654 3643 monasterii

210 3679 377 3744 licentiam
400 3678 540 3745 habeant
563 3679 603 3744 de
627 3679 737 3744 eadem
760 3680 944 3746 venditione
968 3680 1078 3746 facere
1101 3681 1185 3766 0001
1207 3682 1372 3748 voluerint
1385 3687 1418 3748 et
1433 3687 1566 3769 propter
1581 3701 1655 3749 con·

211 3783 427 3851 firmationem
449 3786 544 3852 huim
559 3786 750 3852 venditionis
767 3788 836 3872 ipsa
852 3793 951 3874 gayta
966 3787 1095 3854 dixerat
1110 3808 1145 3854 00
1161 3791 1339 3875 suscepisse
1362 3789 1402 3855 ab
1426 3792 1494 3876 ipso
1510 3792 1653 3857 rainerio

211 3911 274 3978 pro
297 3897 389 3978 parte
412 3893 511 3978 ipsius
533 3895 719 3960 monasterii
742 3899 894 3962 statutum
917 3897 1055 3982 pretium
1078 3895 1196 3962 solidos
1217 3901 1349 3963 tarenos
1367 3899 1509 3983 presenti
1525 3903 1653 3964 moneta

208 3999 303 4066 istius
327 4001 465 4066 civitatis
488 4001 549 4065 XL
572 4000 605 4066 in
628 4001 714 4065 omni
738 4000 979 4068 deliberatione.
1005 4003 1048 4067 Et
1078 4021 1138 4087 per
1168 4005 1424 4070 convenientiam
1455 4007 1524 4090 ipsa
1554 4010 1655 4092 gayta

210 4105 361 4190 guadiam
385 4108 453 4192 ipso
477 4108 619 4173 rainerio
649 4128 709 4192 pro
737 4113 831 4192 parte
862 4110 961 4195 ipsius
988 4111 1175 4177 monasterii
1205 4110 1291 4176 dedit
1321 4117 1354 4176 et
1382 4109 1601 4178 fideiussorem
1624 4113 1653 4177 ei

210 4232 272 4297 pro
295 4214 380 4279 illius
402 4219 495 4300 parte
518 4215 623 4299 posuit
640 4214 853 4307 grimoaldum
869 4213 969 4282 filium
986 4236 1015 4301 q.
1033 4217 1182 4283 iohannis
1197 4219 1320 4284 comitis
1336 4219 1389 4304 qui
1404 4219 1466 4285 1011
1481 4239 1653 4305 germanus

210 4323 423 4407 suprascripti
449 4320 597 4386 Pandulfl
621 4323 754 4388 comitis.
780 4327 812 4388 et
835 4344 894 4410 per
918 4325 1019 4409 ipsam
1045 4323 1193 4410 guadiam
1218 4327 1290 4409 ipsa
1313 4332 1413 4413 gayta
1442 4325 1597 4412 obligavit
1619 4347 1655 4392 se

211 4433 246 4492 et
268 4447 343 4492 suos
365 4427 503 4493 heredes
527 4447 654 4513 semper
677 4428 852 4494 defendere
876 4436 1001 4516 partem
1023 4431 1122 4516 ipsius
1144 4433 1331 4497 monasterii
1359 4433 1519 4519 integram
1541 4433 1653 4498 vendi-

210 4535 333 4600 tionem
356 4535 494 4619 qualiter
516 4555 615 4620 supra
639 4535 759 4622 legitur
781 4535 822 4601 ab
846 4536 1020 4603 heredibus
1041 4539 1251 4624 suprascripti
1275 4537 1465 4605 bartolomei
1492 4540 1568 4606 olim
1590 4540 1654 4606 viri

212 4641 261 4706 sui
285 4644 318 4704 et
340 4639 380 4706 ab
403 4641 550 4707 omnibus
574 4641 756 4709 hominibus
786 4643 833 4709 ita
865 4644 989 4710 scilicet
1019 4651 1054 4710 ut
1082 4645 1205 4729 quoties
1231 4665 1308 4730 pars
1339 4647 1437 4731 ipsius
1466 4647 1654 4714 monasterii

213 4747 359 4813 eamdem
382 4753 513 4835 gaytam
537 4755 569 4815 et
593 4750 661 4815 eius
685 4751 824 4816 heredes
839 4748 878 4816 de
895 4750 1006 4816 eadem
1022 4751 1209 4819 venditione
1226 4751 1413 4819 defensores
1436 4753 1652 4839 habereque

210 4855 328 4922 sierint
349 4857 442 4922 toties
465 4856 542 4924 dent
565 4858 611 4923 eis
634 4859 887 4944 suprascriptam
911 4858 1057 4924 chartam
1082 4859 1172 4924 iuxta
1194 4859 1320 4926 ratione
1343 4861 1465 4926 salvam
1481 4861 1653 4928 habentem

212 4961 326 5028 diebus
347 4963 416 5028 LX.
442 4968 475 5030 et
496 4983 556 5048 per
578 4983 689 5028 omnes
713 4965 801 5030 vices
823 4967 892 5050 ipsa
915 4970 1015 5052 gayta
1045 4970 1078 5031 et
1108 4967 1176 5031 eius
1206 4965 1346 5032 heredes
1373 4967 1652 5034 000110ιο00011-

211 5071 333 5135 tionem
354 5071 438 5154 00011
462 5071 562 5156 100100
584 5072 770 5136 monasterii
793 5071 833 5137 ab
857 5071 1002 5138 omnibus
1025 5071 1208 5138 hominibus
1232 5073 1407 5140 defendant
1429 5079 1462 5140 et
1484 5079 1556 5160 poet
1571 5093 1654 5140 com-

212 5175 316 5262 pletos
339 5177 424 5262 ipsos
447 5177 514 5242 dies
536 5197 596 5263 per
619 5197 730 5243 omnes
753 5179 841 5246 vices
865 5180 1046 5250 chartulam
1061 5181 1163 5265 ipsam
1180 5182 1318 5263 qualiter
1341 5184 1387 5248 eis
1411 5189 1446 5249 ut
1469 5182 1654 5248 dictumest

209 5284 286 5349 data
309 5283 369 5349 1011
391 5283 454 5350 illis
477 5284 621 5357 reddant,
648 5289 680 5352 et
702 5285 815 5352 tribuit
837 5287 906 5372 ipsa
936 5293 1035 5374 gayta
1064 5286 1229 5354 licentiam
1254 5293 1289 5353 ut
1311 5289 1437 5373 quando
1460 5307 1536 5375 pars
1552 5290 1653 5375 ipsius

212 5391 403 5457 monasterii
426 5390 589 5457 voluerint
611 5395 799 5477 potestatem
822 5392 963 5459 habeant
985 5394 1085 5479 ipsam
1106 5394 1323 5461 venditionem
1338 5415 1398 5482 per
1420 5413 1455 5462 se
1478 5395 1653 5462 defendere

212 5497 352 5584 qualiter
374 5497 537 5566 voluerint
559 5517 632 5565 cum
655 5499 802 5566 omuibus
825 5501 1054 5567 muniminibus
1076 5507 1110 5570 et
1131 5501 1308 5569 rationibus
1323 5521 1402 5588 quas
1425 5502 1465 5569 de
1488 5519 1527 5569 ea
1550 5507 1653 5570 osten
