4460 6306
578 641 622 710 70
935 648 942 665 '
1104 661 1268 712 erovmm
1291 663 1485 712 uersurum

577 899 662 947 anno
684 883 903 968 suprascripte
926 880 1083 946 dominice
1098 881 1329 948 incarnationis
1348 882 1433 968 1184
1450 889 1483 950 et
1498 883 1580 949 XIX
1597 901 1682 946 anno
1698 883 1791 968 regni
1806 883 2013 968 suprascripti

575 989 628 1054 dni
651 991 754 1055 nostri
778 991 865 1075 regis
889 1007 999 1054 mense
1025 989 1171 1054 ianuario
1204 989 1251 1052 111
1284 987 1471 1056 indictione.
1498 989 1646 1064 Qualiter
1676 989 1752 1054 dum
1781 989 2014 1075 suprascriptus

577 1097 747 1185 pandulfus
770 1095 956 1162 infirmitate
979 1115 1042 1180 qua
1065 1095 1234 1162 defunctus
1266 1102 1315 1162 est
1344 1096 1546 1164 detineretur
1576 1118 1654 1163 sane
1683 1104 1792 1165 tamen
1821 1081 1940 1164 ¹mentis
1970 1117 2016 1162 re·

577 1210 691 1289 cteque
702 1205 871 1270 locutionis
883 1206 1042 1270 extitisset
1054 1223 1163 1268 coram
1177 1203 1339 1270 romoaldo
1352 1204 1457 1270 iudice
1470 1205 1584 1270 acolio
1597 1204 1702 1272 iudice
1715 1209 1913 1297 conuenerat
1924 1207 2016 1288 atque

577 1311 776 1398 disposuerat
799 1311 883 1396 quod
899 1311 938 1376 de
955 1310 1052 1376 rebus
1066 1311 1132 1376 suis
1148 1316 1220 1396 post
1235 1312 1303 1377 eius
1326 1311 1445 1378 obitum
1462 1310 1533 1377 fieri
1546 1311 1649 1377 debet.
1668 1313 1709 1406 Et
1729 1313 1815 1380 inter
1834 1317 2017 1395 ceteraque

577 1422 663 1506 ipsus
686 1418 858 1506 pandulfus
882 1417 1081 1484 iudicaverat
1104 1422 1200 1503 atque
1224 1418 1425 1504 disposuerat
1448 1419 1617 1484 iudicando
1642 1426 1675 1484 et
1697 1419 1894 1505 disponendo
1918 1418 2017 1484 eidem

443 1553 447 1562 ’
578 1527 671 1613 rigali
695 1527 789 1592 uxori
814 1545 872 1592 sue
897 1528 1068 1593 remiserat
1090 1527 1251 1610 integrum
1277 1525 1441 1591 mundium
1466 1526 1548 1609 quod
1572 1528 1605 1591 in
1629 1547 1699 1592 eam
1723 1527 1882 1592 habuerat
1906 1534 1941 1592 ut
1964 1547 2017 1612 po-

576 1639 724 1702 testatem
748 1633 884 1701 baberet
907 1635 976 1719 ipsa
1002 1634 1113 1718 rigalis
1135 1653 1207 1699 cum
1231 1634 1398 1699 voluntate
1431 1633 1516 1699 illius
1545 1635 1609 1699 viri
1636 1653 1730 1718 quem
1760 1635 1830 1720 ipsa
1853 1635 1952 1700 vellet
1981 1633 2018 1700 de

577 1742 723 1808 omnibns
747 1741 843 1808 rebus
874 1743 941 1808 suis
971 1740 1138 1808 stabilibus
1162 1747 1194 1806 et
1217 1740 1386 1808 mobilibus
1416 1742 1528 1807 facere
1558 1741 1643 1826 quod
1673 1741 1773 1808 vellet
1804 1744 1888 1809 siout
1917 1743 2016 1829 ipsum

577 1852 732 1937 scriptum
761 1851 904 1915 continet
919 1851 952 1913 in
969 1868 1031 1933 quo
1056 1851 1122 1934 ipse
1138 1847 1329 1914 romoaldus
1345 1847 1442 1913 iudex
1458 1846 1656 1933 subscriptus
1673 1854 1730 1914 est.
1748 1849 1788 1914 de
1803 1850 2019 1935 suprascripta

575 1978 655 2022 vero
681 1959 820 2022 ecelesia
844 1956 939 2024 etde
962 1955 1109 2021 omnibus
1134 1956 1365 2042 suprascriptis
1397 1954 1494 2021 rebus
1524 1955 1690 2022 stabilibus
1721 1960 1754 2023 et
1783 1956 1952 2022 mobilibus
1981 1956 2018 2021 ad

576 2085 647 2131 eam
671 2069 707 2131 ut
731 2065 848 2131 dictum
873 2069 922 2130 est
945 2063 1180 2149 pertinentibus
1204 2063 1267 2126 alie
1291 2063 1457 2147 portiones
1480 2063 1538 2147 ipsi
1563 2065 1757 2128 monasterio
1788 2066 1953 2150 pertinent
1975 2085 2018 2130 se·

487 2154 492 2164 ¹
575 2174 713 2239 cundum
737 2193 810 2238 suas
834 2173 985 2238 rationes.
1011 2172 1054 2236 Et
1075 2169 1186 2238 taliter
1216 2170 1275 2236 tibi
1308 2169 1442 2235 iohanni
1477 2171 1603 2237 notario
1634 2175 1667 2236 et
1697 2172 1853 2240 advocato
1876 2173 2018 2239 scribere
2064 2195 2070 2206 ·

576 2283 786 2368 precepimus.

661 2389 691 2476 †
714 2391 784 2475 Ego
807 2389 862 2472 qui
885 2401 984 2474 supra
1008 2387 1170 2454 Iohannes
1193 2386 1302 2452 iudex.

661 2495 691 2584 †
714 2497 784 2581 Ego
808 2497 861 2580 qui
885 2514 983 2581 supra
1007 2493 1169 2560 Mattheus
1194 2493 1301 2558 iudex.

660 2603 836 2688 [Arcbioio
862 2603 953 2669 delta
981 2601 1090 2668 Badio
1112 2600 1149 2666 di
1175 2602 1279 2667 Cava.
1304 2601 1579 2675 ArcaXXXX1‚
1603 2623 1634 2666 n.
1659 2602 1728 2686 30].

1273 2924 1316 2990 X.

660 3142 698 3204 1n
721 3140 850 3204 nomine
873 3137 927 3203 dni
951 3141 1045 3204 etc...
1079 3137 1174 3201 Anno
1205 3135 1244 3201 ab
1275 3137 1499 3202 incarnatione
1530 3138 1598 3202 eius
1632 3137 1718 3203 1196
1749 3143 1781 3202 et
1811 3145 1904 3208 sexto
1934 3161 2019 3204 anno

573 3252 653 3333 Imp.
678 3247 733 3313 dni
755 3247 857 3313 nostri
880 3239 1007 3310 b'enrici
1030 3243 1251 3328 gloriosissimi
1276 3263 1482 3309 romanorum
1509 3244 1713 3331 imperatoris
1745 3250 1778 3312 et
1806 3249 1894 3332 regis
1918 3247 2018 3313 sicilie

573 3375 701 3440 semper
723 3353 860 3440 augusti,
892 3372 1001 3417 mense
1033 3352 1178 3416 ianuario
1200 3351 1285 3417 XIV
1309 3350 1491 3417 indictione.
1516 3355 1602 3419 Ante
1630 3373 1681 3418 me
1705 3353 1858 3420 Altanum
1882 3355 2019 3422 iudicem

572 3463 663 3529 venit
685 3463 861 3547 Maymone
883 3459 998 3526 relicta
1021 3459 1142 3544 rogerii
1166 3478 1205 3523 ac
1228 3455 1294 3523 tilia
1318 3478 1347 3543 q.
1374 3458 1528 3525 Iohannis
1551 3458 1727 3525 amalfitani
1753 3469 1878 3527 etcum
1901 3482 1941 3528 ea
1963 3485 2018 3529 ve-

573 3575 693 3638 nerunt
715 3575 814 3636 testes
836 3567 987 3632 videlicet
1009 3567 1167 3632 iohannes
1191 3567 1366 3633 oraulanus
1382 3569 1435 3652 qui
1460 3567 1577 3633 dicitur
1593 3567 1741 3633 dalufnsu
1758 3566 1842 3635 lilius
1861 3589 1890 3653 q.
1910 3567 2021 3657 [deest

572 3676 716 3766 nomen]
742 3682 777 3743 et
798 3675 954 3741 iohannes
976 3675 1030 3759 qui
1054 3674 1173 3740 dicitur
1195 3675 1355 3740 crocallus
1380 3675 1419 3740 de
1442 3675 1513 3740 loeo
1536 3678 1727 3741 anacessani
1750 3673 1834 3742 filius
1857 3696 1887 3761 q.
1910 3675 2021 3765 [deest

571 3783 728 3873 nomen]
753 3784 815 3859 Qui
837 3782 990 3848 videlicet
1012 3786 1111 3846 testes
1133 3778 1295 3846 testificati
1326 3782 1458 3847 luerunt
1489 3788 1523 3848 ut
1553 3782 1626 3847 dmn
1658 3763 1895 3869 suprascriptus
1924 3805 2019 3871 roge-

573 3895 640 3960 rius
670 3889 855 3958 infirmitate
886 3908 949 3973 qua
979 3888 1150 3954 defunctus
1173 3893 1221 3953 est
1245 3887 1445 3954 detineretur
1475 3908 1552 3954 sane
1583 3894 1689 3954 tamen
1721 3890 1836 3955 mentis
1867 3897 2020 3977 recteque

571 4000 742 4068 locutionis
772 3999 937 4063 existeret.
971 3995 1087 4061 Coram
1118 3997 1194 4079 ipsis
1224 3994 1357 4061 testibus
1388 4016 1427 4060 ac
1457 3996 1528 4062 aliis
1559 3996 1730 4062 iudicasset
1753 4002 1786 4062 et
1815 3997 2021 4083 disposuisset

573 4107 658 4194 quod
680 4107 720 4172 de
743 4105 840 4170 rebus
863 4105 930 4169 suis
953 4107 1024 4189 post
1048 4104 1115 4168 eius
1139 4102 1258 4167 obitum
1282 4104 1354 4187 pari
1379 4103 1520 4168 deberet.
1545 4105 1587 4169 Et
1610 4103 1693 4188 quod
1719 4103 1892 4170 iudicasset
1918 4112 1950 4172 et
1972 4105 2020 4172 di·
2101 4180 2104 4188 Ι
2194 4081 2195 4144 i

572 4217 746 4303 sposuisset
768 4214 801 4277 in
825 4210 970 4276 manibus
994 4209 1071 4274 illud
1102 4209 1299 4274 commisisse
1322 4229 1394 4274 eum
1419 4211 1479 4295 ipsi
1502 4216 1599 4276 testes
1625 4208 1785 4277 testificati
1809 4217 1884 4276 sunt
1905 4233 2019 4300 supra-

572 4325 693 4408 scripte
724 4321 898 4404 Maymone
928 4318 1022 4383 uxori
1056 4335 1112 4381 sue
1144 4321 1175 4380 et
1206 4313 1289 4381 cioffi
1322 4318 1374 4401 qui
1408 4317 1525 4383 dicitur
1556 4318 1719 4403 falangola
1747 4314 1830 4383 filius
1853 4339 1882 4403 q.
1910 4317 2021 4406 [deest

571 4425 724 4515 nomen]
750 4427 792 4490 Et
823 4426 907 4492 inter
938 4428 1048 4488 cetera
1079 4442 1160 4506 quae
1190 4424 1248 4508 ipsi
1280 4427 1377 4488 testes
1408 4421 1568 4489 testificati
1599 4430 1674 4490 sunt
1705 4425 1801 4490 etiam
1832 4427 1892 4511 ipsi
1922 4432 2018 4492 testes

573 4523 718 4602 eumdem
744 4534 906 4617 rogerium
930 4530 1098 4596 iudicando
1122 4531 1372 4616 suprascriptam
1391 4532 1599 4618 Maymonam
1616 4551 1753 4596 uxorem
1777 4552 1866 4598 suam
1890 4553 1911 4598 a
1933 4554 2018 4600 nexu

572 4642 693 4708 mundii
712 4639 883 4706 liberasset
914 4644 948 4703 ut
979 4641 1167 4722 potestatem
1199 4636 1317 4702 babeat
1347 4639 1416 4723 ipsa
1446 4639 1620 4724 Maymone
1643 4645 1715 4723 post
1746 4641 1845 4725 ipsius
1874 4642 1937 4705 viri
1971 4643 2018 4706 sui

572 4749 691 4816 obitum
717 4767 788 4813 cnm
820 4746 986 4811 voluntate
1016 4743 1103 4809 illius
1133 4746 1196 4809 viri
1227 4763 1319 4828 quem
1352 4745 1420 4830 ipsa
1451 4745 1550 4810 veliet
1578 4746 1616 4811 de
1648 4746 1795 4812 omnibus
1827 4746 1925 4813 rebus
1954 4748 2019 4814 suis

572 4855 738 4923 stabilibus
762 4861 794 4920 et
816 4851 985 4918 mobilibus
1009 4851 1119 4917 facere
1142 4851 1225 4935 qood
1249 4852 1356 4917 vellet.
1383 4853 1424 4918 Et
1447 4859 1483 4917 ut
1509 4852 1618 4917 taliter
1649 4855 1707 4938 ipsi
1738 4859 1836 4920 testes
1859 4853 2018 4922 testificati

572 4967 646 5030 sunt
669 4962 787 5048 singuli
811 4980 870 5047 per
893 4959 1147 5025 convenientiam
1172 4959 1319 5044 guadiam
1352 4960 1413 5043 ipsi
1444 4960 1617 5046 Maymone
1641 4959 1798 5027 dederunt
1830 4965 1862 5026 et
1891 4959 2017 5027 fideius-

570 5091 677 5138 sorem
701 5071 730 5136 ei
762 5072 938 5156 posuerunt
966 5068 1088 5131 lemma
1118 5068 1203 5152 ipsas
1235 5071 1268 5132 et
1297 5086 1357 5150 per
1380 5067 1480 5152 ipsam
1511 5067 1658 5152 guadiam
1691 5069 1750 5154 ipsi
1780 5074 1878 5134 testes
1901 5069 2016 5156 singuli

570 5179 796 5265 obligaverunt
817 5196 853 5241 se
877 5180 911 5241 ut
934 5175 961 5241 si
986 5174 1129 5258 qualivet
1151 5179 1298 5259 tempore
1322 5172 1503 5238 iamdictam
1520 5193 1631 5240 eorum
1646 5176 1863 5240 testimonium
1886 5195 2017 5242 necesse

566 5287 666 5353 fuerit
686 5282 853 5352 testificari
878 5288 910 5348 et
932 5302 992 5368 per
1015 5285 1253 5347 sacramentum
1277 5281 1398 5370 angei
1422 5285 1534 5346 sancta
1557 5283 1726 5368 evangelia
1749 5281 1809 5348 sibi
1840 5289 1912 5369 post
1941 5282 2016 5348 illud

569 5391 702 5458 firmare
725 5396 758 5457 et
780 5391 896 5477 pulsati
920 5409 963 5455 ex
987 5409 1024 5454 eo
1050 5389 1184 5454 fuerunt
1206 5393 1283 5454 tunc
1306 5387 1423 5472 singuli
1447 5387 1607 5472 plicarent
1638 5409 1672 5454 se
1703 5394 1735 5454 et
1765 5389 1848 5473 quod
1872 5391 2016 5476 superius

569 5497 729 5568 testificati
753 5502 828 5565 sunt
848 5493 1064 5563 testificentur
1088 5501 1120 5560 et
1143 5515 1203 5581 per
1233 5501 1468 5561 sacramentum
1500 5494 1541 5559 ad
1564 5497 1634 5582 ipsa
1658 5497 1836 5584 Evangelia
1858 5497 1939 5564 illud
1961 5495 2016 5564 tir-
