4460 6306
533 629 574 694 14
1064 645 1227 720 asovnnnt
1251 643 1445 693 6666666666

605 861 651 938 st
678 885 767 937 aero
794 861 1130 939 commutationem
1144 835 1310 963 'fecerint
1339 857 1384 935 de
1404 860 1513 949 casis,
1534 860 1660 951 terris,
1681 859 1741 934 oel
1758 857 1920 961 familiis
1939 868 1974 933 61

524 1007 676 1110 fuerint
690 1007 792 1081 inter
806 1005 948 1102 missus
962 1005 1066 1108 reqis
1084 1004 1144 1078 cel
1156 1003 1353 1106 pontificis
1368 1025 1429 1078 666
1449 1001 1594 1078 iudices
1608 1012 1677 1078 aut
1691 1001 1784 1077 tales
1800 1001 1974 1078 1661666

526 1160 615 1241 tres,
645 1172 816 1250 quorum
841 1147 937 1250 fides
956 1147 1199 1240 ammittitur,
1229 1157 1265 1223 et
1291 1169 1354 1222 res
1381 1146 1582 1222 meliorata
1610 1147 1646 1221 ei
1667 1145 1860 1246 nituerit,
1881 1154 1974 1221 tunc
2053 1253 2058 1260 ι

526 1290 683 1393 quanda
712 1292 798 1392 ipsa
816 1291 1061 1369 commutatio
1079 1295 1185 1394 facta
1211 1290 1347 1394 fuerit,
1368 1288 1472 1391 quod
1483 1312 1582 1391 pars
1600 1288 1772 1393 reliqiosi
1790 1288 1976 1389 suscipiat

526 1435 635 1512 nullo
650 1435 693 1510 in
709 1445 877 1536 tempore
885 1444 1022 1535 pastea
1035 1433 1080 1509 ab
1090 1457 1228 1510 aarum
1240 1432 1521 1510 successoribus
1534 1442 1790 1522 remoueatur,
1801 1429 1868 1513 sed
1881 1455 1976 1508 sem-

521 1601 597 1680 per·
611 1577 857 1655 commutatio
877 1578 963 1678 ipsa
976 1577 1102 1679 firmis
1109 1585 1351 1677 permaneat,
1367 1577 1451 1652 etsi
1464 1599 1661 1652 removere
1675 1575 1837 1651 caluerit
1845 1597 1975 1675 poeno

526 1721 629 1797 inter·
658 1744 697 1796 se
724 1720 918 1825 conliqota
950 1731 1153 1820 componat
1172 1743 1272 1820 pars
1300 1720 1397 1820 ipsa,
1426 1721 1495 1822 qui
1521 1743 1717 1800 remouere
1745 1718 1920 1795 nolucrit.
1950 1745 1969 1791 s

606 1865 663 1942 La
690 1864 846 1942 6661116
874 1863 912 1940 11
939 1863 1028 1941 beni
1056 1862 1310 1941 6661661661161
1339 1888 1407 1940 666
1436 1869 1545 1941 66616
1565 1861 1735 1966 proibiia
1754 1861 1852 1939 16116
1871 1860 1977 1964 Ieggi

526 2003 1006 2101 66666161666616616116
1034 2005 1138 2109 Ioggi
1166 2030 1339 2099 romane,
1359 2031 1380 2083 6
1408 2005 1448 2083 16
1478 2005 1729 2109 6666661616
1757 2004 1887 2096 16616,
1907 2028 1977 2081 666

526 2149 591 2229 66’
608 2149 841 2229 6116661666
870 2149 916 2226 61
945 2175 996 2228 66
1024 2148 1267 2252 6666161616
1295 2149 1381 2252 pari
1408 2154 1553 2252 tempe,
1586 2148 1684 2227 6616
1713 2151 1830 2250 polea
1858 2147 2003 2228 66611.

522 2294 624 2372 16166
653 2293 984 2372 66611616661666
1013 2317 1036 2370 6
1066 2290 1321 2370 diminutione
1352 2291 1412 2369 161
1441 2291 1677 2396 patrimonio
1712 2290 1975 2374 6661661661166

524 2461 670 2515 666666
700 2461 751 2514 66
778 2439 971 2527 66666616,
999 2435 1166 2514 6666616
1205 2435 1330 2513 616611
1360 2435 1489 2528 16616,
1519 2436 1695 2514 61666616
1736 2435 1776 2512 16
1807 2434 1975 2526 cambio,

526 2580 626 2658 16666
660 2578 697 2657 11
730 2579 929 2658 minoren
959 2577 998 2655 di
1031 2579 1211 2682 maggior
1247 2577 1380 2657 661666
1419 2578 1617 2656 1161161166
1658 2578 1760 2672 1616,
1790 2604 1811 2656 6
1842 2576 1972 2681 quindi

525 2749 646 2804 anaor
671 2723 711 2802 16
737 2728 925 2827 permuta,
947 2723 997 2800 di.
1014 2724 1159 2827 regola,
1179 2748 1247 2801 666
1275 2722 1456 2826 pinibus,
1479 2723 1586 2801 66166
1614 2723 1651 2799 16
1679 2721 1883 2815 666661661,
1904 2746 1976 2825 por

525 2868 561 2946 16
590 2866 694 2971 66611
720 2891 816 2945 6666
844 2866 1095 2945 determinate
1124 2866 1311 2969 singolori
1340 2865 1491 2944 6661616
1521 2861 1542 2944 ¹.
1571 2867 1651 2944 Ρ66
1679 2865 1810 2944 1161116
1846 2865 1977 2968 giusti-

526 3012 665 3090 616666
695 3006 722 3105 ²,
752 3036 822 3089 666
847 3035 1046 3114 66666666
1076 3011 1115 3087 16
1142 3013 1321 3113 permuta
1356 3010 1441 3088 solo
1482 3010 1544 3088 166
1572 3010 1651 3088 6611
1679 3009 1978 3088 ecclesiasticis

526 3181 598 3259 por
634 3154 687 3258 gli
725 3154 926 3246 immobili,
955 3153 1166 3231 dovondosi
1204 3153 1679 3232 61666666666166111116
1715 3153 1753 3231 11
1785 3178 1872 3232 6666
1906 3178 1978 3256 per

528 3299 726 3377 6616666166
754 3297 790 3375 16
818 3297 921 3402 panii
941 3296 1168 3389 6661666611,
1189 3322 1263 3375 666
1281 3296 1596 3401 I'nppcovazione
1616 3297 1675 3376 161
1697 3296 1857 3375 Ρ666116
1878 3322 1972 3402 pro-

528 3441 706 3534 61661616,
735 3441 835 3564 61166
864 3441 935 3518 ohe
965 3439 1527 3519 1611661661116661661661166.

610 3723 620 3760 ¹
640 3723 1146 3795 016.Μ6661,066611.Ν66661Α66
1160 3723 1232 3779 0611.
1248 3723 1267 3791 1,
1281 3742 1306 3796 p.
1321 3723 1356 3778 38
1370 3724 1495 3779 Curiones
1507 3724 1902 3796 Apostolorum-«XXXVII.
1916 3725 1980 3779 06-

531 3818 611 3869 nium
629 3831 728 3869 rerum
747 3815 1000 3869 ecclesiasticarum
1018 3817 1163 3885 episcopus
1182 3832 1279 3868 curam
1297 3823 1386 3884 96661,
1400 3823 1426 3868 61
1445 3831 1493 3869 eus
1511 3817 1685 3870 administret
1705 3817 1844 3885 tamquam
1862 3815 1919 3869 Deo
1937 3817 1981 3869 in·

532 3912 632 3958 tuente.
652 3904 697 3958 Ne
717 3905 799 3959 liceat
816 3913 910 3958 autem
929 3920 965 3958 66
977 3906 1016 3958 eis
1035 3904 1143 3974 aliquid
1160 3905 1214 3957 sibi
1231 3907 1389 3970 vendicare,
1404 3905 1451 3958 ael
1467 3907 1592 3974 propriis
1611 3907 1742 3973 connatis,
1756 3920 1826 3974 quae
1840 3905 1977 3972 11616661,

535 3994 646 4064 1669161.
661 3995 711 4048 Sin
723 4003 816 4048 autem
828 4002 892 4048 sunt
900 4009 1043 4065 pauperes
1062 4001 1092 4046 ut
1105 3994 1277 4064 pauperibus
1289 3996 1461 4063 suppeditet,·
1477 3996 1527 4048 sed
1539 4009 1596 4046 nan
1609 4009 1707 4047 eorum
1717 4001 1866 4063 praetenta
1877 3995 1981 4047 vendat

534 4099 606 4154 quac
624 4093 689 4137 sunt
707 4084 881 4139 eeclesiae.»
900 4081 966 4137 Ibid.
986 4099 1012 4152 p.
1031 4081 1092 4148 879,
1112 4081 1199 4151 Epist.
1219 4080 1298 4135 Lucii
1318 4081 1372 4135 ΡΡ.
1393 4081 1413 4136 1.
1434 4080 1471 4136 VI
1490 4083 1576 4136 «Res
1594 4098 1702 4153 quoque
1728 4083 1911 4136 ecclesiaram
1929 4098 1979 4135 oe·

531 4182 657 4227 strarum
676 4182 702 4227 61
720 4173 887 4226 oblationem
901 4173 1038 4244 fidelium,
1051 4187 1119 4242 quas
1137 4171 1312 4240 siqnificastis
1325 4189 1342 4224 a
1355 4175 1519 4241 quibusdam
1538 4175 1709 4226 irruentibus
1727 4174 1979 4242 commentisque

533 4271 559 4316 61
578 4263 703 4316 ecclesiis
728 4265 828 4316 vestris
852 4265 965 4332 auferri
986 4263 1174 4316 indubitanter
1198 4276 1335 4314 6661666
1353 4275 1406 4315 666
1426 4276 1592 4316 escensuri:
1619 4271 1733 4315 testante
1759 4264 1819 4330 ipsa
1836 4264 1979 4332 scriptura

532 4353 1075 4421 6666611666666666666666666666
1095 4365 1180 4404 sanni
1204 4364 1261 4403 666
1287 4365 1388 4414 anniti,
1407 4365 1445 4403 66
1464 4366 1541 4404 monn
1561 4365 1614 4405 666
1640 4367 1695 4404 666
1721 4365 1790 4405 6666
1817 4365 1980 4417 oscannum,

532 4453 689 4495 6666166666
703 4454 862 4494 onustam
875 4454 935 4495 666.
950 4457 967 4495 s
979 4443 1032 4493 616.
1047 4438 1112 4493 Ibid.
1128 4436 1158 4492 ll.
1170 4456 1194 4507 p.
1209 4437 1270 4503 531,
1287 4437 1368 4492 Cane.
1382 4440 1571 4508 Ancyranum.
1585 4455 1644 4492 666.
1658 4439 1720 4493 XV.
1735 4439 1800 4494 Ibid.
1815 4439 1847 4503 II,
1861 4457 1886 4508 p.
1904 4438 1980 4506 1318,

536 4527 615 4583 Cone.
635 4529 837 4582 Antiochenam
856 4528 949 4582 1666.
969 4527 1090 4583 XXIV·
1104 4527 1139 4581 III
1162 4526 1242 4581 Cano.
1265 4528 1489 4596 Cartbaainensa
1510 4544 1534 4597 p.
1554 4527 1607 4582 953
1627 4545 1686 4582 666.
1707 4529 1812 4594 XXXI,
1831 4528 1875 4582 III.
1898 4527 1978 4582 Conc.

535 4616 753 4686 Chartayinense
767 4616 799 4671 V.
814 4635 839 4686 p.
852 4617 906 4671 969
919 4633 979 4671 666.
993 4617 1038 4670 IV.
1050 4615 1115 4671 ibid.
1129 4616 1165 4670 111
1179 4616 1279 4670 Prisco
1292 4633 1428 4670 canalium
1443 4617 1516 4671 Edit.
1530 4618 1589 4670 Lat.
1605 4636 1629 4687 p,
1646 4619 1714 4672 1166
1727 4635 1787 4671 666.
1807 4616 1910 4683 XXIV,
1925 4621 1979 4672 616.

611 4703 623 4742 ²
642 4705 682 4761 La
700 4705 768 4760 Nov.
783 4705 881 4772 XLVI,
896 4706 937 4760 De
949 4707 1201 4760 ecclesiasticarum
1214 4722 1312 4758 rerum
1325 4707 1510 4760 immobilium
1524 4707 1695 4762 alienatione
1715 4717 1740 4760 61
1758 4709 1905 4772 solutione,
1919 4723 1981 4776 pon·

531 4794 647 4849 6616616
666 4793 778 4849 6661116
796 4811 845 4865 per
865 4793 893 4848 16
910 4794 1109 4849 6611161661666
1128 4794 1169 4849 ds'
1179 4793 1267 4848 debiti
1287 4793 1384 4848 166611.
1407 4795 1446 4848 La
1466 4795 1534 4848 Nov.
1555 4794 1625 4860 LIV,
1644 4811 1666 4848 6.
1687 4794 1711 4848 II
1731 4796 1849 4865 pet-miss
1868 4795 1894 4850 16
1914 4811 1979 4864 pes-

533 4887 610 4938 66616
627 4883 742 4938 1666611
755 4883 946 4950 senissimum,
959 4899 1008 4954 per
1022 4883 1163 4952 reciproca
1180 4886 1322 4937 amentata
1334 4882 1368 4937 od
1382 4883 1591 4938 1666616666666
1611 4884 1718 4938 61111116
1732 4897 1749 4936 s
1802 4888 1884 4939 etiam
1903 4885 1981 4940 illud

532 4975 689 5039 adiicimus,
707 4981 735 5027 61
748 4989 803 5043 per
815 4976 965 5043 quamdam
978 4972 1165 5026 inevitabilem
1178 4975 1350 5026 occasionem
1363 4981 1388 5025 et
1400 4973 1500 5026 utilem
1513 4975 1591 5026 danti
1603 4982 1629 5026 et
1642 4976 1788 5043 accipienti
1800 4976 1980 5028 venerandae

533 5063 630 5116 domui
631 5101 674 5114 .....
695 5063 835 5116 licentiam
853 5065 952 5117 damas
969 5062 1150 5132 praesulibus
1175 5061 1276 5123 borum
1302 5064 1535 5138 monasteriorum
1557 5062 1701 5131 perhanc
1722 5064 1982 5131 1666666666-

538 5153 640 5205 tionem
658 5154 755 5222 facere
774 5159 800 5205 et
817 5151 869 5204 166
881 5151 1005 5204 calere...
1018 5167 1035 5207 »
1048 5149 1100 5204 Pin
1119 5149 1248 5219 6666116116
1266 5151 1296 5202 16
1315 5148 1343 5203 16
1362 5149 1429 5204 Nov.
1444 5149 1531 5216 CXX,
1550 5165 1573 5204 6.
1589 5149 1646 5204 VII:
1659 5165 1676 5202 6
1690 5151 1750 5229 1166
1768 5168 1835 5205 vera
1854 5153 1981 5206 iubemus

535 5249 566 5294 ut
584 5248 790 5310 acceptante...
805 5241 946 5294 licentiam
965 5255 1023 5294 esse
1043 5241 1169 5293 omnibus
1187 5241 1367 5292 sanctissimis
1388 5240 1548 5293 ecclesiis...
1566 5243 1786 5310 permutationes
1804 5244 1842 5294 ad
1860 5243 1980 5296 invicem

533 5332 638 5400 facere,
651 5333 761 5399 quando
780 5332 891 5399 utrique
908 5345 971 5382 aen.
989 5331 1085 5383 domui
1103 5337 1233 5382 servatur
1243 5329 1417 5392 indemnitas,
1434 5331 1665 5382 consentientibus
1685 5331 1843 5400 inscriptis
1861 5339 1909 5383 aut
1924 5346 1981 5400 per

534 5421 719 5488 depositiones
731 5419 892 5473 huiusmodi
904 5420 1058 5474 contractui
1075 5434 1132 5472 non
1148 5417 1242 5470 solum
1261 5419 1467 5472 ordinatoribus
1480 5420 1625 5488 utriusque
1637 5435 1698 5472 aen
1712 5421 1810 5474 616666
1828 5422 1878 5476 sed
1897 5422 1982 5474 etiam

536 5507 677 5578 ampliare
693 5515 775 5579 parta
795 5509 824 5562 in
842 5509 882 5562 eis
900 5509 1160 5563 deservientium.»
