4460 6306
590 689 632 736 uu
656 687 901 736 consumemur
926 686 1064 734 ruunrrn
1088 685 1124 733 ur
1148 685 1299 734 suanno
1629 665 1673 731 85

217 903 363 968 ecclesie
384 901 488 968 licead
512 903 575 969 iilis
599 903 671 969 illut
694 903 811 969 exinde
834 901 1017 968 disturbare
1041 905 1074 968 et
1097 907 1252 968 excutere
1255 951 1452 966 ..................
1480 900 1597 987 ubique
1620 922 1673 968 vc

216 1010 333 1084 luerit,
350 995 468 1095 absque
484 1011 570 1076 omni
586 1012 818 1078 contrarietate
834 1030 854 1076 a
869 1030 945 1096 pars
962 1011 1060 1096 ipsius
1087 1009 1224 1075 ecclesie
1247 1013 1280 1075 et
1302 1010 1329 1075 si
1353 1011 1421 1096 ipse
1437 1011 1595 1076 sortiones
1598 1060 1673 1076 .......

219 1117 344 1184 exinde
368 1137 423 1184 eos
444 1117 529 1183 bene
551 1117 708 1184 benerint'
724 1119 751 1184 si
775 1137 830 1183 eos
852 1119 899 1183 sio
922 1117 1031 1183 datum
1054 1117 1228 1183 habuerint
1251 1121 1286 1182 ut
1309 1116 1349 1182 da
1373 1136 1484 1182 eorum
1515 1123 1674 1203 potestate

219 1221 287 1289 fiad
289 1275 400 1289 ..........
425 1245 489 1290 uon
512 1223 685 1291 habuerint
707 1217 864 1311 potestate
888 1225 959 1290 illut
982 1224 1061 1290 dare
1083 1229 1139 1290 aut
1162 1224 1309 1290 alienare
1331 1223 1406 1290 dum
1429 1224 1536 1290 faciad
1556 1225 1674 1292 exinde

221 1331 298 1396 fare
315 1330 352 1417 (t)
369 1351 444 1418 pars
459 1333 528 1417 ipsa
552 1332 690 1398 ecelesia
711 1331 752 1397 ad
767 1333 850 1398 iusto
874 1333 1016 1397 veliente
1032 1333 1171 1418 pretium
1194 1331 1277 1416 qued
1297 1333 1412 1398 iustum
1437 1331 1537 1397 fuerit
1559 1353 1675 1420 appre-

219 1439 340 1504 tiatum
363 1445 395 1504 et
417 1438 535 1504 habeat
557 1441 693 1524 spatium
717 1439 757 1504 ad
782 1438 852 1504 illut
875 1438 1034 1504 avendum
1057 1459 1118 1524 per
1139 1440 1276 1505 tertium
1293 1441 1499 1505 constitutum
1520 1459 1619 1524 usque
1642 1442 1676 1507 in

221 1544 295 1612 dies
318 1547 452 1631 triginta
474 1565 533 1612 sex
556 1551 588 1612 et
611 1548 637 1612 si
660 1547 824 1611 noluerint
852 1566 928 1631 pars
958 1547 1058 1632 ipsius
1090 1547 1227 1612 ecclesie
1260 1546 1346 1610 infra
1375 1548 1444 1633 ipso
1468 1549 1675 1615 constitutum

220 1629 343 1717 toilere
366 1653 507 1720 voluerit
528 1652 569 1718 ad
592 1655 709 1720 iustum
725 1642 870 1738 'pretium
894 1659 972 1720 tnnc
996 1673 1071 1739 pars
1098 1654 1167 1738 ipsa
1189 1655 1362 1720 constituta
1391 1655 1494 1720 licead
1499 1705 1675 1721 ................

224 1779 284 1824 eos
307 1760 388 1825 dara
410 1762 462 1826 cui
484 1762 632 1833 voluerit.
650 1781 725 1825 nam
748 1762 775 1825 si
798 1767 874 1826 ente
896 1761 967 1845 ipso
985 1761 1158 1827 constituto
1174 1759 1294 1845 absqrm
1309 1762 1422 1826 notitia
1444 1782 1464 1827 a
1486 1781 1562 1847 pars
1579 1763 1677 1847 ipsius

223 1867 367 1932 ecclesie
383 1887 437 1932 eos
454 1866 532 1932 dare
548 1869 780 1952 presumserint
803 1866 923 1951 absque
939 1869 1078 1952 pretium
1096 1867 1246 1934 rebertar
1267 1867 1309 1933 ad
1332 1874 1489 1953 potestate
1507 1870 1605 1954 ipsius
1628 1890 1678 1936 ec-

224 1975 338 2047 clesie‚
363 1974 447 2058 qu‘od
469 1975 495 2039 si
519 1976 629 2040 taliter
632 2025 771 2040 .............
797 1980 832 2040 ut
854 1975 1002 2060 superius
1024 1975 1146 2062 legitur
1169 1996 1228 2062 per
1251 1975 1435 2060 supradicto
1451 1975 1589 2043 hordine
1612 1997 1678 2043 non

224 2081 478 2168 adimpleberint
501 2087 533 2147 et
555 2081 674 2167 aliquid
698 2082 815 2148 exinde
840 2081 1097 2148 contradixerint
1121 2102 1314 2169 comparens
1336 2083 1378 2148 ad
1400 2103 1477 2169 pars
1505 2085 1602 2169 ipsius
1625 2103 1678 2150 ec·

226 2189 333 2254 clesie
356 2209 415 2274 per
437 2189 507 2273 ipsa
530 2188 635 2254 wadia
658 2188 811 2275 obligabit
833 2209 868 2254 se
892 2190 1022 2292 suisque
1045 2187 1119 2254 filiis
1148 2194 1181 2254 et
1204 2189 1343 2256 heredes
1374 2191 1605 2278 quinquaginta
1633 2211 1681 2257 sc

223 2295 313 2361 lidos
337 2296 784 2382 costantinopolitauos.........;
790 2345 920 2364 ............
954 2295 1157 2363 Grimoaldus
1193 2299 1337 2364 notarius
1367 2297 1513 2364 interfui·
1532 2304 1565 2364 et
1594 2299 1681 2365 hunc

226 2401 366 2468 brebem
390 2403 514 2488 scripsi.

321 2508 436 2598 †Ego
458 2510 613 2596 iaquintu.
658 2579 661 2588 ,

323 2616 354 2704 †
368 2618 437 2703 Ego
461 2617 628 2691 madelmo,

320 2721 542 2812 [Pergamena
556 2723 757 2812 longobarda
773 2725 810 2790 N.
830 2724 858 2800 l,
875 2723 961 2791 della
975 2724 1096 2794 societd
1111 2725 1142 2792 di
1159 2725 1275 2794 Stovtu
1293 2725 1412 2793 Putria
1427 2724 1669 2813 Napoietono}
