4460 6306
748 911 1061 992 DOCUMENTI
1091 911 1288 989 Ih'EDlTl

966 1169 1086 1178 —o-—-·

1009 1669 1032 1734 l.

384 1865 422 1930 In
446 1865 575 1928 nomine
599 1861 654 1929 dni
678 1862 729 1930 dei
753 1865 857 1931 eterni
881 1863 1052 1931 salvatoris
1068 1865 1169 1929 nostri
1185 1863 1283 1928 lhesu
1307 1862 1437 1928 Christi.
1464 1863 1558 1928 Anno
1582 1861 1622 1926 ab
1639 1863 1746 1927 incar·

299 1972 428 2036 natione
451 1973 520 2036 eius
545 1970 711 2036 millesimo
735 1969 954 2036 ducentesimo
978 1971 1186 2057 nonagesimo
1210 1975 1312 2044 sexto,
1338 1969 1526 2035 duodecimo
1549 1989 1635 2034 anuo
1653 1971 1748 2055 regni

299 2079 355 2144 diti
378 2080 481 2143 nostri
505 2079 619 2143 Karoli
643 2077 754 2144 Sicilie
777 2083 829 2143 etc
830 2125 882 2144 .....
909 2097 1019 2144 mense
1042 2076 1242 2151 novembris,
1267 2078 1299 2142 X
1323 2076 1514 2144 indictione.

385 2185 470 2250 Ante
494 2205 545 2249 me
569 2161 747 2250 Iohannem
780 2185 1014 2270 Capograssum
1047 2183 1198 2258 Iudicem,
1231 2183 1456 2269 praesentibus
1488 2185 1614 2250 notario
1638 2183 1748 2250 thoma

301 2291 443 2357 dardano
467 2297 499 2357 et
522 2293 649 2356 notario
674 2291 856 2378 pandulpho
880 2291 1024 2358 dardano
1040 2291 1173 2357 testibus
1195 2290 1388 2377 subscriptis
1410 2291 1451 2355 ad
1474 2291 1539 2356 hoc
1561 2291 1748 2376 specialiter

302 2401 431 2484 rogatis,
446 2399 639 2464 Franciscus
656 2395 816 2465 Goffridus
832 2398 1009 2464 monachus
1025 2403 1058 2466 et
1074 2401 1276 2466 camerarius.
1289 2398 1442 2465 Cavensis
1459 2400 1656 2472 monasterii,
1670 2419 1747 2485 pro-

302 2513 433 2571 curator
456 2507 594 2571 ecclesie
619 2508 649 2572 S.
675 2509 799 2572 Mariae
827 2507 867 2572 de
898 2505 1023 2579 domno,
1058 2525 1139 2590 quae
1163 2527 1236 2571 cum
1260 2505 1405 2571 omnibus
1436 2506 1532 2572 rebus
1556 2507 1621 2572 suis
1645 2507 1748 2574 eidem

301 2614 497 2679 Monasterio
521 2615 664 2699 pertinet
687 2620 719 2680 et
742 2613 885 2679 subiecta
908 2619 965 2687 est,
990 2634 1050 2700 pro
1074 2620 1166 2698 parte
1190 2619 1222 2679 et
1245 2615 1318 2679 vice
1341 2613 1481 2698 predicti
1504 2615 1691 2684 monasterii
1714 2619 1750 2682 ut

301 2720 399 2788 aliter
423 2721 646 2786 conveniendo
668 2722 702 2786 in
726 2721 788 2786 hoc
812 2723 970 2788 canonice
995 2727 1027 2787 et
1049 2722 1248 2807 regulariter
1264 2727 1358 2788 etc...
1376 2722 1457 2786 Dum
1480 2720 1587 2787 idonei
1611 2719 1750 2788 interve·

301 2829 391 2893 uiant
412 2827 563 2894 homines
585 2829 688 2896 tradit
710 2834 742 2893 et
765 2832 923 2895 concessit
947 2825 1112 2916 [Nicolao]
1138 2829 1191 2914 qui
1215 2828 1334 2894 dicitur
1362 2829 1507 2900 Rassica
1524 2825 1591 2894 filio
1615 2847 1644 2913 q.
1663 2830 1748 2894 Tan-

303 2935 393 3009 cridi‚
419 2937 581 3021 integrum
598 2934 764 3003 catodeum
782 2956 854 3000 cum
871 2936 968 3001 furno
992 2937 1078 3002 intus
1093 2957 1166 3002 eum
1183 2939 1369 3002 constructo
1387 2940 1419 3000 et
1435 2936 1597 3022 integram
1613 2933 1748 3001 'domum
1806 2943 1807 2946 ’

303 3061 384 3127 quae
399 3063 497 3128 super
512 3043 665 3108 solarium
682 3064 753 3108 cum
771 3044 855 3108 omni
873 3045 1033 3110 caminata
1048 3063 1130 3128 (puae
1147 3043 1221 3107 olim
1234 3042 1418 3108 abstracum
1421 3091 1507 3107 ........
1524 3063 1623 3129 super
1644 3037 1746 3129 ip'sum

269 3201 275 3212 .
302 3149 467 3218 cstodeum
492 3156 705 3216 conservatur
727 3151 761 3215 iu
784 3149 896 3217 stadiis
919 3150 1046 3216 fabritis
1070 3151 1268 3237 discopertis.
1286 3151 1368 3217 Item
1392 3170 1466 3216 cum
1489 3148 1611 3216 duabus
1634 3152 1746 3217 matris

303 3259 497 3329 scanacium,
522 3276 587 3323 una
610 3261 679 3324 seta
695 3257 735 3322 de
757 3261 915 3343 stagnata,
933 3239 997 3322 uno
1020 3257 1158 3323 tombolo
1174 3258 1256 3323 alias
1276 3257 1419 3323 eiusdem
1435 3257 1525 3322 furni
1548 3257 1747 3343 apponendo.

303 3363 393 3439 Quae
416 3361 555 3451 [omnia]
580 3365 784 3432 Camerarius
808 3366 912 3432 eidem
936 3366 1132 3432 monasterio
1153 3367 1319 3452 pertinere
1335 3364 1417 3430 dixit
1441 3365 1529 3432 intra
1552 3365 1638 3431 hanc
1653 3365 1751 3432 saler-

304 3473 445 3536 nitanam
470 3472 631 3537 civitatem
655 3474 688 3537 in
712 3477 782 3538 orto
814 3493 931 3560 magno
962 3493 1063 3559 prope
1092 3473 1261 3538 ecclesiam
1294 3473 1324 3539 S.
1350 3473 1478 3537 Mariae
1502 3471 1542 3538 de
1566 3473 1751 3538 Portanova

303 3599 385 3664 quae
407 3599 427 3644 a
450 3583 542 3664 parte
566 3578 708 3645 eiusdem
725 3581 796 3645 viae
812 3580 909 3646 alium
926 3581 1094 3646 catodeum
1111 3585 1144 3646 et
1160 3580 1325 3667 predictae
1342 3579 1450 3645 scalae
1474 3599 1636 3646 cameram
1653 3599 1750 3646 unam
1792 3669 1793 3673 Ἰ

302 3706 385 3771 quae
407 3685 553 3752 eumdem
578 3691 660 3752 etc...
686 3684 841 3773 (seguono
864 3689 875 3751 i
899 3685 1038 3774 confini).

390 3794 445 3859 lus
467 3813 547 3859 vero
571 3793 754 3859 traditionis
778 3799 811 3859 et
834 3795 1050 3861 concessionis
1080 3796 1114 3859 in
1144 3794 1225 3859 alios
1254 3793 1438 3859 transferre
1469 3812 1535 3858 non
1567 3794 1664 3860 liceat
1687 3813 1749 3860 nec

303 3899 426 3966 licitum
448 3900 490 3965 sit
512 3900 571 3985 ipsi
597 3899 727 3965 Nicolao
747 3903 780 3967 et
795 3901 864 3966 eius
879 3900 1063 3976 heredibus,
1080 3902 1113 3966 in
1129 3900 1233 3966 dando
1249 3901 1395 3987 predicto
1411 3899 1523 3966 estalio
1539 3907 1572 3967 et
1587 3900 1747 3968 faciendis

304 4006 449 4073 omnibus
472 4006 625 4093 predictis
649 4055 757 4072 ..........
782 4012 860 4074 tuuc
876 4013 987 4098 partes
1002 4010 1101 4094 ipsius
1117 3991 1303 4074 monasterii
1327 4007 1501 4094 patefaciat
1524 4007 1646 4074 habere
1662 4027 1751 4074 eam·

303 4113 376 4182 dem
390 4111 596 4180 traditionem
613 4119 645 4180 et
661 4116 903 4180 concessionem
923 4112 994 4180 fieri
1010 4115 1193 4180 faciendum
1210 4114 1294 4200 quod
1311 4114 1451 4180 voluerit
1465 4115 1570 4200 spatio
1585 4114 1749 4181 biennii...

304 4225 474 4308 expectato
498 4226 530 4286 et
552 4241 684 4286 censum
709 4242 766 4287 seu
789 4223 939 4288 estalium
963 4223 1157 4306 pretendere
1182 4271 1323 4288 .............
1349 4221 1428 4287 dare
1453 4225 1486 4286 et
1512 4221 1641 4287 solvere
1663 4226 1752 4288 tare-

303 4350 420 4395 norum
443 4329 475 4394 V
498 4329 545 4394 sic
568 4329 653 4394 inter
677 4349 731 4394 eos
748 4333 941 4395 conventum
959 4333 1017 4394 est.
1037 4329 1159 4404 Quibus
1183 4329 1336 4415 predictis
1352 4329 1497 4396 omnibus
1512 4330 1590 4414 ipsis
1612 4331 1753 4414 quinque

305 4438 398 4504 annis
420 4437 489 4523 ipse
513 4435 718 4502 Camerarius
741 4439 774 4501 et
789 4441 898 4522 partes
915 4437 1014 4522 ipsius
1030 4437 1216 4504 monasterii
1233 4435 1419 4522 probaverit
1434 4455 1470 4501 se
1493 4455 1603 4500 coram
1627 4435 1750 4512 Iudice,

302 4544 430 4609 notario
454 4549 487 4610 et
508 4542 643 4608 testibus
667 4544 756 4608 istius
780 4544 922 4611 civitatis
943 4548 976 4610 et
998 4563 1108 4608 coram
1126 4545 1171 4608 eis
1196 4543 1376 4609 secundum
1395 4592 1538 4608 .............
1555 4562 1657 4627 usque
1673 4543 1753 4610 alios

303 4653 443 4736 quinque
466 4669 568 4716 annos
592 4650 765 4736 completos
789 4670 832 4716 ex
855 4655 932 4716 tuuc
954 4652 988 4716 iu
1018 4656 1115 4716 antea
1144 4650 1361 4716 numerandos
1391 4651 1425 4715 in
1456 4651 1545 4716 omni
1574 4650 1690 4716 ordine
1721 4656 1754 4717 et

304 4761 418 4826 tencre
441 4759 524 4822 sicut
547 4757 694 4842 superius
718 4761 911 4822 conventum
935 4761 984 4822 est
1006 4757 1047 4822 ad
1072 4777 1205 4824 censum
1229 4756 1407 4843 predictum
1432 4759 1467 4823 in
1489 4755 1651 4842 predictis.
1677 4806 1752 4822 .......

307 4912 604 4929 ...........................
629 4868 662 4928 et
685 4863 836 4929 chartula
857 4864 978 4930 tradita
1000 4884 1020 4929 a
1044 4863 1174 4950 publico
1190 4864 1317 4929 notario
1333 4863 1483 4929 confecta
1506 4867 1573 4930 eta
1596 4863 1706 4929 Iudice
1722 4869 1755 4930 et

305 4969 440 5037 testibus
464 4968 616 5036 roborata
631 4971 806 5036 secuudum
822 4971 1085 5037 cousuetudinem
1102 4973 1242 5037 civitatis
1261 4971 1361 5037 istius.
1379 4969 1501 5045 Quibus
1523 4969 1755 5055 posterioribus

307 5080 446 5164 quinque
470 5078 563 5143 anuis
579 5077 776 5163 complendis
792 5078 956 5165 predictus
973 5079 1122 5145 Nicolaus
1138 5083 1170 5144 et
1186 5080 1255 5144 eius
1270 5077 1409 5144 heredes
1433 5081 1625 5144 remaneant
1639 5082 1722 5146 etc...
1740 5077 1750 5114 ¹

392 5183 568 5273 [Arcbieio
592 5185 682 5252 detta
705 5185 819 5252 Rodia
841 5185 877 5252 di
904 5179 997 5252 Caua
1019 5183 1071 5253 de'
1094 5185 1240 5252 Tirreoi.
1265 5185 1355 5251 Arca
1378 5185 1438 5251 LX
1461 5205 1492 5249 n.
1510 5181 1579 5272 83].

385 5432 395 5470 ¹
415 5433 426 5488 l
444 5433 525 5489 tratti
544 5433 613 5490 dove
632 5430 660 5489 lo
678 5433 776 5488 scritto
796 5432 888 5489 vedesi
906 5433 1064 5501 interrotto,
1083 5451 1152 5489 sono
1170 5434 1256 5490 deleti
1275 5433 1347 5490 sulla
1366 5448 1542 5506 pergamena,
1562 5447 1577 5487 a
1603 5433 1697 5503 percid
1720 5429 1754 5487 il·
1795 5493 1798 5500 ,

310 5521 447 5606 lspgibili.
