<?xml version="1.0" encoding="UTF-8"?>
<!DOCTYPE html PUBLIC "-//W3C//DTD XHTML 1.0 Transitional//EN"
    "http://www.w3.org/TR/xhtml1/DTD/xhtml1-transitional.dtd">
<html xmlns="http://www.w3.org/1999/xhtml" xml:lang="en" lang="en">
 <head>
  <title>
</title>
<meta http-equiv="Content-Type" content="text/html;charset=utf-8" />
  <meta name='ocr-system' content='tesseract 3.04.00' />
  <meta name='ocr-capabilities' content='ocr_page ocr_carea ocr_par ocr_line ocrx_word'/>
</head>
<body>
  <div class='ocr_page' id='page_1' title='image "./leconsuetudinii00abiggoog/leconsuetudinii00abiggoog_0076.png"; bbox 0 0 4460 6306; ppageno 0'>
   <div class='ocr_carea' id='block_1_1' title="bbox 593 651 1664 728">
    <p class='ocr_par' dir='ltr' id='par_1_1' title="bbox 593 651 1664 728">
     <span class='ocr_line' id='line_1_1' title="bbox 593 651 1664 728; baseline -0.006 -2"><span class='ocrx_word' id='word_1_1' title='bbox 593 677 636 727; x_wconf 82' lang='lat' dir='ltr'><strong>un</strong></span> <span class='ocrx_word' id='word_1_2' title='bbox 661 679 907 728; x_wconf 78' lang='lat' dir='ltr'><strong>consumuntur</strong></span> <span class='ocrx_word' id='word_1_3' title='bbox 931 679 1069 726; x_wconf 80' lang='lat' dir='ltr'><strong>mamre</strong></span> <span class='ocrx_word' id='word_1_4' title='bbox 1094 679 1130 725; x_wconf 87' lang='lat' dir='ltr'><strong>m</strong></span> <span class='ocrx_word' id='word_1_5' title='bbox 1153 675 1302 725; x_wconf 75' lang='lat' dir='ltr'><strong>sanando</strong></span> <span class='ocrx_word' id='word_1_6' title='bbox 1624 651 1664 720; x_wconf 84' lang='lat'><strong>71</strong></span> 
     </span>
    </p>
   </div>
   <div class='ocr_carea' id='block_1_2' title="bbox 216 889 1668 1738">
    <p class='ocr_par' dir='ltr' id='par_1_2' title="bbox 216 889 1668 1738">
     <span class='ocr_line' id='line_1_2' title="bbox 219 889 1667 982; baseline -0.005 -19"><span class='ocrx_word' id='word_1_7' title='bbox 219 901 309 965; x_wconf 89' lang='lat' dir='ltr'><strong>ment</strong></span> <span class='ocrx_word' id='word_1_8' title='bbox 331 902 364 964; x_wconf 92' lang='lat' dir='ltr'><strong>et</strong></span> <span class='ocrx_word' id='word_1_9' title='bbox 386 898 413 963; x_wconf 91' lang='lat' dir='ltr'><strong>si</strong></span> <span class='ocrx_word' id='word_1_10' title='bbox 436 897 532 962; x_wconf 90' lang='lat' dir='ltr'><strong>aliter</strong></span> <span class='ocrx_word' id='word_1_11' title='bbox 555 897 695 962; x_wconf 88' lang='lat' dir='ltr'><strong>fecerint</strong></span> <span class='ocrx_word' id='word_1_12' title='bbox 718 901 750 962; x_wconf 89' lang='lat' dir='ltr'><strong>et</strong></span> <span class='ocrx_word' id='word_1_13' title='bbox 772 916 808 962; x_wconf 91' lang='lat' dir='ltr'><strong>se</strong></span> <span class='ocrx_word' id='word_1_14' title='bbox 831 895 870 960; x_wconf 92' lang='lat' dir='ltr'><strong>de</strong></span> <span class='ocrx_word' id='word_1_15' title='bbox 893 896 961 982; x_wconf 88' lang='lat' dir='ltr'><strong>ipso</strong></span> <span class='ocrx_word' id='word_1_16' title='bbox 976 895 1163 960; x_wconf 88' lang='lat' dir='ltr'><strong>testimonio</strong></span> <span class='ocrx_word' id='word_1_17' title='bbox 1179 914 1237 959; x_wconf 90' lang='lat' dir='ltr'><strong>seu</strong></span> <span class='ocrx_word' id='word_1_18' title='bbox 1252 895 1454 958; x_wconf 90' lang='lat' dir='ltr'><strong>sacramento</strong></span> <span class='ocrx_word' id='word_1_19' title='bbox 1474 889 1667 957; x_wconf 80' lang='lat' dir='ltr'><strong>subtrahere</strong></span> 
     </span>
     <span class='ocr_line' id='line_1_3' title="bbox 218 998 1667 1089; baseline -0.004 -20"><span class='ocrx_word' id='word_1_20' title='bbox 218 1005 397 1089; x_wconf 79' lang='lat' dir='ltr'>quesierint</span> <span class='ocrx_word' id='word_1_21' title='bbox 418 1009 497 1071; x_wconf 90' lang='lat' dir='ltr'><strong>tunc</strong></span> <span class='ocrx_word' id='word_1_22' title='bbox 520 1005 574 1069; x_wconf 87' lang='lat' dir='ltr'><strong>ille</strong></span> <span class='ocrx_word' id='word_1_23' title='bbox 597 1005 649 1070; x_wconf 87' lang='lat' dir='ltr'><strong>vel</strong></span> <span class='ocrx_word' id='word_1_24' title='bbox 673 1004 721 1069; x_wconf 94' lang='lat' dir='ltr'><strong>illi</strong></span> <span class='ocrx_word' id='word_1_25' title='bbox 744 1004 797 1088; x_wconf 91' lang='lat' dir='ltr'><strong>qui</strong></span> <span class='ocrx_word' id='word_1_26' title='bbox 820 1003 898 1068; x_wconf 89' lang='lat' dir='ltr'><strong>talia</strong></span> <span class='ocrx_word' id='word_1_27' title='bbox 921 1022 1021 1088; x_wconf 89' lang='lat' dir='ltr'><strong>agere</strong></span> <span class='ocrx_word' id='word_1_28' title='bbox 1050 1001 1305 1087; x_wconf 78' lang='lat' dir='ltr'><strong>presumpserint</strong></span> <span class='ocrx_word' id='word_1_29' title='bbox 1335 999 1451 1086; x_wconf 82' lang='lat' dir='ltr'><strong>singuli</strong></span> <span class='ocrx_word' id='word_1_30' title='bbox 1484 1017 1544 1085; x_wconf 92' lang='lat' dir='ltr'><strong>per</strong></span> <span class='ocrx_word' id='word_1_31' title='bbox 1566 998 1667 1083; x_wconf 84' lang='lat' dir='ltr'><strong>ipsam</strong></span> 
     </span>
     <span class='ocr_line' id='line_1_4' title="bbox 216 1106 1668 1198; baseline -0.004 -22"><span class='ocrx_word' id='word_1_32' title='bbox 216 1111 364 1198; x_wconf 79' lang='lat' dir='ltr'><strong>guadiam</strong></span> <span class='ocrx_word' id='word_1_33' title='bbox 387 1111 613 1198; x_wconf 86' lang='lat' dir='ltr'><strong>obligaverunt</strong></span> <span class='ocrx_word' id='word_1_34' title='bbox 636 1131 671 1176; x_wconf 88' lang='lat' dir='ltr'><strong>se</strong></span> <span class='ocrx_word' id='word_1_35' title='bbox 694 1129 888 1196; x_wconf 90' lang='lat' dir='ltr'><strong>componere</strong></span> <span class='ocrx_word' id='word_1_36' title='bbox 912 1111 973 1196; x_wconf 90' lang='lat' dir='ltr'><strong>ipsi</strong></span> <span class='ocrx_word' id='word_1_37' title='bbox 996 1112 1170 1195; x_wconf 86' lang='lat' dir='ltr'><strong>Maymone</strong></span> <span class='ocrx_word' id='word_1_38' title='bbox 1193 1108 1246 1173; x_wconf 85' lang='lat' dir='ltr'><strong>vel</strong></span> <span class='ocrx_word' id='word_1_39' title='bbox 1269 1109 1324 1174; x_wconf 92' lang='lat' dir='ltr'><strong>cui</strong></span> <span class='ocrx_word' id='word_1_40' title='bbox 1346 1106 1410 1172; x_wconf 94' lang='lat' dir='ltr'><strong>hoc</strong></span> <span class='ocrx_word' id='word_1_41' title='bbox 1430 1107 1584 1190; x_wconf 90' lang='lat' dir='ltr'><strong>scriptum</strong></span> <span class='ocrx_word' id='word_1_42' title='bbox 1608 1125 1668 1191; x_wconf 90' lang='lat' dir='ltr'><strong>pro</strong></span> 
     </span>
     <span class='ocr_line' id='line_1_5' title="bbox 221 1213 1667 1304; baseline -0.004 -21"><span class='ocrx_word' id='word_1_43' title='bbox 221 1221 290 1284; x_wconf 88' lang='lat' dir='ltr'><strong>eius</strong></span> <span class='ocrx_word' id='word_1_44' title='bbox 312 1223 406 1304; x_wconf 89' lang='lat' dir='ltr'><strong>parte</strong></span> <span class='ocrx_word' id='word_1_45' title='bbox 429 1221 462 1284; x_wconf 91' lang='lat' dir='ltr'><strong>in</strong></span> <span class='ocrx_word' id='word_1_46' title='bbox 486 1238 582 1284; x_wconf 90' lang='lat' dir='ltr'><strong>manu</strong></span> <span class='ocrx_word' id='word_1_47' title='bbox 606 1219 752 1304; x_wconf 91' lang='lat' dir='ltr'><strong>paruerit</strong></span> <span class='ocrx_word' id='word_1_48' title='bbox 775 1219 840 1284; x_wconf 86' lang='lat' dir='ltr'><strong>XX</strong></span> <span class='ocrx_word' id='word_1_49' title='bbox 864 1216 955 1284; x_wconf 92' lang='lat' dir='ltr'><strong>solidi</strong></span> <span class='ocrx_word' id='word_1_50' title='bbox 978 1218 1070 1282; x_wconf 91' lang='lat' dir='ltr'><strong>aurei</strong></span> <span class='ocrx_word' id='word_1_51' title='bbox 1094 1215 1206 1302; x_wconf 88' lang='lat' dir='ltr'><strong>regali.</strong></span> <span class='ocrx_word' id='word_1_52' title='bbox 1231 1216 1273 1280; x_wconf 88' lang='lat' dir='ltr'><strong>Et</strong></span> <span class='ocrx_word' id='word_1_53' title='bbox 1296 1213 1379 1298; x_wconf 93' lang='lat' dir='ltr'><strong>quod</strong></span> <span class='ocrx_word' id='word_1_54' title='bbox 1407 1214 1553 1298; x_wconf 87' lang='lat' dir='ltr'><strong>superius</strong></span> <span class='ocrx_word' id='word_1_55' title='bbox 1575 1213 1667 1278; x_wconf 89' lang='lat' dir='ltr'><strong>testi-</strong></span> 
     </span>
     <span class='ocr_line' id='line_1_6' title="bbox 221 1318 1666 1412; baseline -0.005 -20"><span class='ocrx_word' id='word_1_56' title='bbox 221 1323 305 1392; x_wconf 86' lang='lat' dir='ltr'><strong>iicati</strong></span> <span class='ocrx_word' id='word_1_57' title='bbox 330 1333 404 1392; x_wconf 90' lang='lat' dir='ltr'><strong>sunt</strong></span> <span class='ocrx_word' id='word_1_58' title='bbox 426 1325 602 1392; x_wconf 87' lang='lat' dir='ltr'><strong>testificari.</strong></span> <span class='ocrx_word' id='word_1_59' title='bbox 627 1327 669 1392; x_wconf 84' lang='lat' dir='ltr'><strong>Et</strong></span> <span class='ocrx_word' id='word_1_60' title='bbox 693 1346 752 1412; x_wconf 91' lang='lat' dir='ltr'><strong>per</strong></span> <span class='ocrx_word' id='word_1_61' title='bbox 775 1329 1012 1392; x_wconf 86' lang='lat' dir='ltr'><strong>sacramentum</strong></span> <span class='ocrx_word' id='word_1_62' title='bbox 1043 1325 1083 1389; x_wconf 90' lang='lat' dir='ltr'><strong>ad</strong></span> <span class='ocrx_word' id='word_1_63' title='bbox 1115 1325 1183 1410; x_wconf 91' lang='lat' dir='ltr'><strong>ipsa</strong></span> <span class='ocrx_word' id='word_1_64' title='bbox 1214 1322 1392 1408; x_wconf 86' lang='lat' dir='ltr'><strong>Evangelia</strong></span> <span class='ocrx_word' id='word_1_65' title='bbox 1423 1319 1501 1387; x_wconf 92' lang='lat' dir='ltr'><strong>illud</strong></span> <span class='ocrx_word' id='word_1_66' title='bbox 1524 1318 1666 1385; x_wconf 82' lang='lat' dir='ltr'><strong>firmare.</strong></span> 
     </span>
     <span class='ocr_line' id='line_1_7' title="bbox 221 1426 1668 1519; baseline -0.004 -21"><span class='ocrx_word' id='word_1_67' title='bbox 221 1435 263 1499; x_wconf 87' lang='lat' dir='ltr'><strong>Et</strong></span> <span class='ocrx_word' id='word_1_68' title='bbox 284 1433 394 1500; x_wconf 86' lang='lat' dir='ltr'><strong>taliter</strong></span> <span class='ocrx_word' id='word_1_69' title='bbox 416 1433 473 1498; x_wconf 92' lang='lat' dir='ltr'><strong>tibi</strong></span> <span class='ocrx_word' id='word_1_70' title='bbox 498 1433 655 1519; x_wconf 89' lang='lat' dir='ltr'><strong>Malgerio</strong></span> <span class='ocrx_word' id='word_1_71' title='bbox 679 1433 806 1500; x_wconf 89' lang='lat' dir='ltr'><strong>notario</strong></span> <span class='ocrx_word' id='word_1_72' title='bbox 830 1431 975 1498; x_wconf 87' lang='lat' dir='ltr'><strong>scribere</strong></span> <span class='ocrx_word' id='word_1_73' title='bbox 1006 1433 1145 1518; x_wconf 90' lang='lat' dir='ltr'><strong>precepi.</strong></span> <span class='ocrx_word' id='word_1_74' title='bbox 1171 1431 1201 1518; x_wconf 81' lang='lat'><em>†</em></span> <span class='ocrx_word' id='word_1_75' title='bbox 1224 1432 1294 1517; x_wconf 81' lang='lat' dir='ltr'><strong>Ego</strong></span> <span class='ocrx_word' id='word_1_76' title='bbox 1324 1431 1378 1513; x_wconf 92' lang='lat' dir='ltr'><strong>qui</strong></span> <span class='ocrx_word' id='word_1_77' title='bbox 1409 1447 1507 1516; x_wconf 90' lang='lat' dir='ltr'><strong>supra</strong></span> <span class='ocrx_word' id='word_1_78' title='bbox 1529 1426 1668 1496; x_wconf 83' lang='lat' dir='ltr'><strong>Alfenus</strong></span> 
     </span>
     <span class='ocr_line' id='line_1_8' title="bbox 224 1539 336 1608; baseline 0 -2"><span class='ocrx_word' id='word_1_79' title='bbox 224 1539 336 1608; x_wconf 85' lang='lat' dir='ltr'><strong>Index.</strong></span> 
     </span>
     <span class='ocr_line' id='line_1_9' title="bbox 307 1642 1411 1738; baseline -0.006 -22"><span class='ocrx_word' id='word_1_80' title='bbox 307 1647 484 1738; x_wconf 80' lang='lat' dir='ltr'><strong>[Arcbivio</strong></span> <span class='ocrx_word' id='word_1_81' title='bbox 508 1649 599 1716; x_wconf 79' lang='lat' dir='ltr'><strong>datto</strong></span> <span class='ocrx_word' id='word_1_82' title='bbox 621 1648 735 1716; x_wconf 85' lang='lat' dir='ltr'><strong>Badio</strong></span> <span class='ocrx_word' id='word_1_83' title='bbox 757 1647 793 1728; x_wconf 82' lang='lat' dir='ltr'><strong>di</strong></span> <span class='ocrx_word' id='word_1_84' title='bbox 819 1648 921 1716; x_wconf 83' lang='lat' dir='ltr'><strong>Caco.</strong></span> <span class='ocrx_word' id='word_1_85' title='bbox 949 1648 1039 1714; x_wconf 86' lang='lat' dir='ltr'><strong>Arca</strong></span> <span class='ocrx_word' id='word_1_86' title='bbox 1062 1646 1257 1720; x_wconf 84' lang='lat' dir='ltr'><strong>XXXXIV‚</strong></span> <span class='ocrx_word' id='word_1_87' title='bbox 1281 1665 1313 1710; x_wconf 92' lang='lat' dir='ltr'><strong>n.</strong></span> <span class='ocrx_word' id='word_1_88' title='bbox 1338 1642 1411 1731; x_wconf 83' lang='lat'><strong>36].</strong></span> 
     </span>
    </p>
   </div>
   <div class='ocr_carea' id='block_1_3' title="bbox 916 1971 976 2038">
    <p class='ocr_par' dir='ltr' id='par_1_3' title="bbox 916 1971 976 2038">
     <span class='ocr_line' id='line_1_10' title="bbox 916 1971 976 2038; baseline -0.033 0"><span class='ocrx_word' id='word_1_89' title='bbox 916 1971 976 2038; x_wconf 89' lang='lat' dir='ltr'><strong>XI.</strong></span> 
     </span>
    </p>
   </div>
   <div class='ocr_carea' id='block_1_4' title="bbox 216 2182 1674 4096">
    <p class='ocr_par' dir='ltr' id='par_1_4' title="bbox 216 2182 1674 4096">
     <span class='ocr_line' id='line_1_11' title="bbox 307 2182 1667 2255; baseline -0.007 0"><span class='ocrx_word' id='word_1_90' title='bbox 307 2190 345 2255; x_wconf 91' lang='lat' dir='ltr'><strong>In</strong></span> <span class='ocrx_word' id='word_1_91' title='bbox 368 2189 496 2252; x_wconf 91' lang='lat' dir='ltr'><strong>nomine</strong></span> <span class='ocrx_word' id='word_1_92' title='bbox 528 2186 581 2252; x_wconf 85' lang='lat' dir='ltr'><strong>dhi</strong></span> <span class='ocrx_word' id='word_1_93' title='bbox 612 2187 712 2253; x_wconf 91' lang='lat' dir='ltr'><strong>nostri</strong></span> <span class='ocrx_word' id='word_1_94' title='bbox 746 2187 844 2252; x_wconf 89' lang='lat' dir='ltr'><strong>ihesu</strong></span> <span class='ocrx_word' id='word_1_95' title='bbox 874 2185 1004 2253; x_wconf 80' lang='lat' dir='ltr'><strong>Christi.</strong></span> <span class='ocrx_word' id='word_1_96' title='bbox 1030 2185 1125 2250; x_wconf 84' lang='lat' dir='ltr'><strong>Anno</strong></span> <span class='ocrx_word' id='word_1_97' title='bbox 1155 2183 1195 2249; x_wconf 91' lang='lat' dir='ltr'><strong>ab</strong></span> <span class='ocrx_word' id='word_1_98' title='bbox 1225 2185 1448 2250; x_wconf 84' lang='lat' dir='ltr'><strong>incarnatione</strong></span> <span class='ocrx_word' id='word_1_99' title='bbox 1479 2184 1547 2249; x_wconf 86' lang='lat' dir='ltr'><strong>eius</strong></span> <span class='ocrx_word' id='word_1_100' title='bbox 1572 2182 1667 2250; x_wconf 72' lang='lat'>1283.</span> 
     </span>
     <span class='ocr_line' id='line_1_12' title="bbox 225 2291 1668 2384; baseline -0.006 -23"><span class='ocrx_word' id='word_1_101' title='bbox 225 2297 394 2382; x_wconf 87' lang='lat' dir='ltr'><strong>Regnante</strong></span> <span class='ocrx_word' id='word_1_102' title='bbox 424 2295 485 2360; x_wconf 87' lang='lat' dir='ltr'><strong>dno</strong></span> <span class='ocrx_word' id='word_1_103' title='bbox 517 2299 628 2360; x_wconf 91' lang='lat' dir='ltr'><strong>nostro</strong></span> <span class='ocrx_word' id='word_1_104' title='bbox 659 2314 738 2379; x_wconf 90' lang='lat' dir='ltr'><strong>rege</strong></span> <span class='ocrx_word' id='word_1_105' title='bbox 770 2293 893 2358; x_wconf 88' lang='lat' dir='ltr'><strong>Karolo</strong></span> <span class='ocrx_word' id='word_1_106' title='bbox 925 2293 974 2358; x_wconf 94' lang='lat' dir='ltr'><strong>dei</strong></span> <span class='ocrx_word' id='word_1_107' title='bbox 1011 2294 1116 2384; x_wconf 87' lang='lat' dir='ltr'><strong>gratia</strong></span> <span class='ocrx_word' id='word_1_108' title='bbox 1138 2293 1347 2357; x_wconf 87' lang='lat' dir='ltr'><strong>invictissimo</strong></span> <span class='ocrx_word' id='word_1_109' title='bbox 1378 2311 1417 2356; x_wconf 90' lang='lat' dir='ltr'><strong>ac</strong></span> <span class='ocrx_word' id='word_1_110' title='bbox 1440 2291 1668 2376; x_wconf 89' lang='lat' dir='ltr'><strong>gloriosissimo</strong></span> 
     </span>
     <span class='ocr_line' id='line_1_13' title="bbox 224 2397 1669 2488; baseline -0.005 -19"><span class='ocrx_word' id='word_1_111' title='bbox 224 2423 302 2488; x_wconf 89' lang='lat' dir='ltr'><strong>rege</strong></span> <span class='ocrx_word' id='word_1_112' title='bbox 325 2402 501 2468; x_wconf 89' lang='lat' dir='ltr'><strong>Ierusalem</strong></span> <span class='ocrx_word' id='word_1_113' title='bbox 525 2408 558 2467; x_wconf 89' lang='lat' dir='ltr'><strong>et</strong></span> <span class='ocrx_word' id='word_1_114' title='bbox 580 2402 709 2488; x_wconf 83' lang='lat' dir='ltr'><strong>Sycilie</strong></span> <span class='ocrx_word' id='word_1_115' title='bbox 735 2406 839 2467; x_wconf 91' lang='lat' dir='ltr'><strong>etc.....</strong></span> <span class='ocrx_word' id='word_1_116' title='bbox 866 2402 924 2466; x_wconf 89' lang='lat' dir='ltr'><strong>Die</strong></span> <span class='ocrx_word' id='word_1_117' title='bbox 947 2400 1086 2471; x_wconf 82' lang='lat' dir='ltr'><strong>veneris.</strong></span> <span class='ocrx_word' id='word_1_118' title='bbox 1104 2400 1203 2466; x_wconf 88' lang='lat' dir='ltr'>XVII</span> <span class='ocrx_word' id='word_1_119' title='bbox 1229 2399 1425 2484; x_wconf 85' lang='lat' dir='ltr'><strong>Septembris</strong></span> <span class='ocrx_word' id='word_1_120' title='bbox 1440 2399 1507 2464; x_wconf 86' lang='lat' dir='ltr'><strong>XII</strong></span> <span class='ocrx_word' id='word_1_121' title='bbox 1524 2397 1669 2464; x_wconf 90' lang='lat' dir='ltr'><strong>indictio·</strong></span> 
     </span>
     <span class='ocr_line' id='line_1_14' title="bbox 224 2506 1668 2596; baseline -0.003 -22"><span class='ocrx_word' id='word_1_122' title='bbox 224 2513 274 2576; x_wconf 91' lang='lat' dir='ltr'><strong>nis</strong></span> <span class='ocrx_word' id='word_1_123' title='bbox 297 2510 380 2596; x_wconf 91' lang='lat' dir='ltr'><strong>apud</strong></span> <span class='ocrx_word' id='word_1_124' title='bbox 405 2509 525 2574; x_wconf 91' lang='lat' dir='ltr'><strong>loham.</strong></span> <span class='ocrx_word' id='word_1_125' title='bbox 553 2511 637 2576; x_wconf 84' lang='lat' dir='ltr'><strong>Ante</strong></span> <span class='ocrx_word' id='word_1_126' title='bbox 660 2530 718 2574; x_wconf 89' lang='lat' dir='ltr'><strong>nos</strong></span> <span class='ocrx_word' id='word_1_127' title='bbox 742 2509 920 2574; x_wconf 90' lang='lat' dir='ltr'><strong>Mattheum</strong></span> <span class='ocrx_word' id='word_1_128' title='bbox 946 2508 1087 2573; x_wconf 90' lang='lat' dir='ltr'><strong>Iudicem</strong></span> <span class='ocrx_word' id='word_1_129' title='bbox 1112 2508 1210 2572; x_wconf 91' lang='lat' dir='ltr'><strong>lohae</strong></span> <span class='ocrx_word' id='word_1_130' title='bbox 1235 2513 1267 2572; x_wconf 90' lang='lat' dir='ltr'><strong>et</strong></span> <span class='ocrx_word' id='word_1_131' title='bbox 1283 2506 1479 2573; x_wconf 79' lang='lat' dir='ltr'><strong>sinibaldum</strong></span> <span class='ocrx_word' id='word_1_132' title='bbox 1507 2506 1668 2592; x_wconf 89' lang='lat' dir='ltr'><strong>puplicum</strong></span> 
     </span>
     <span class='ocr_line' id='line_1_15' title="bbox 224 2612 1669 2703; baseline -0.003 -21"><span class='ocrx_word' id='word_1_133' title='bbox 224 2617 364 2682; x_wconf 89' lang='lat' dir='ltr'><strong>eiusdem</strong></span> <span class='ocrx_word' id='word_1_134' title='bbox 386 2623 496 2682; x_wconf 88' lang='lat' dir='ltr'><strong>terrae</strong></span> <span class='ocrx_word' id='word_1_135' title='bbox 520 2618 689 2689; x_wconf 83' lang='lat' dir='ltr'><strong>notarium,</strong></span> <span class='ocrx_word' id='word_1_136' title='bbox 715 2615 937 2703; x_wconf 89' lang='lat' dir='ltr'><strong>praesentibus</strong></span> <span class='ocrx_word' id='word_1_137' title='bbox 968 2616 1063 2682; x_wconf 91' lang='lat' dir='ltr'><strong>etiam</strong></span> <span class='ocrx_word' id='word_1_138' title='bbox 1095 2615 1231 2680; x_wconf 89' lang='lat' dir='ltr'><strong>iudicem</strong></span> <span class='ocrx_word' id='word_1_139' title='bbox 1263 2614 1440 2680; x_wconf 90' lang='lat' dir='ltr'><strong>Henricum</strong></span> <span class='ocrx_word' id='word_1_140' title='bbox 1472 2613 1511 2678; x_wconf 90' lang='lat' dir='ltr'><strong>de</strong></span> <span class='ocrx_word' id='word_1_141' title='bbox 1543 2612 1669 2685; x_wconf 84' lang='lat' dir='ltr'><strong>Stratis,</strong></span> 
     </span>
     <span class='ocr_line' id='line_1_16' title="bbox 224 2719 1669 2809; baseline -0.002 -21"><span class='ocrx_word' id='word_1_142' title='bbox 224 2723 437 2809; x_wconf 86' lang='lat' dir='ltr'><strong>presbiterum</strong></span> <span class='ocrx_word' id='word_1_143' title='bbox 461 2723 639 2794; x_wconf 83' lang='lat' dir='ltr'><strong>Iohannem</strong></span> <span class='ocrx_word' id='word_1_144' title='bbox 663 2721 762 2788; x_wconf 89' lang='lat' dir='ltr'><strong>filium</strong></span> <span class='ocrx_word' id='word_1_145' title='bbox 787 2723 944 2788; x_wconf 84' lang='lat' dir='ltr'><strong>Matthaei</strong></span> <span class='ocrx_word' id='word_1_146' title='bbox 968 2722 1007 2787; x_wconf 91' lang='lat' dir='ltr'><strong>de</strong></span> <span class='ocrx_word' id='word_1_147' title='bbox 1036 2723 1208 2792; x_wconf 85' lang='lat' dir='ltr'><strong>Benecasa,</strong></span> <span class='ocrx_word' id='word_1_148' title='bbox 1227 2720 1393 2806; x_wconf 91' lang='lat' dir='ltr'><strong>Tipaldum</strong></span> <span class='ocrx_word' id='word_1_149' title='bbox 1420 2719 1459 2784; x_wconf 91' lang='lat' dir='ltr'><strong>de</strong></span> <span class='ocrx_word' id='word_1_150' title='bbox 1487 2720 1614 2794; x_wconf 87' lang='lat' dir='ltr'><strong>Stratis,</strong></span> <span class='ocrx_word' id='word_1_151' title='bbox 1630 2740 1669 2785; x_wconf 92' lang='lat' dir='ltr'><strong>ac</strong></span> 
     </span>
     <span class='ocr_line' id='line_1_17' title="bbox 223 2828 1670 2915; baseline -0.001 -18"><span class='ocrx_word' id='word_1_152' title='bbox 223 2831 401 2897; x_wconf 83' lang='lat' dir='ltr'><strong>Corradum</strong></span> <span class='ocrx_word' id='word_1_153' title='bbox 424 2831 463 2896; x_wconf 94' lang='lat' dir='ltr'><strong>de</strong></span> <span class='ocrx_word' id='word_1_154' title='bbox 487 2832 603 2898; x_wconf 90' lang='lat' dir='ltr'><strong>Stratis</strong></span> <span class='ocrx_word' id='word_1_155' title='bbox 626 2832 762 2897; x_wconf 82' lang='lat' dir='ltr'><strong>fratrem</strong></span> <span class='ocrx_word' id='word_1_156' title='bbox 786 2830 928 2896; x_wconf 90' lang='lat' dir='ltr'><strong>eiusdem</strong></span> <span class='ocrx_word' id='word_1_157' title='bbox 952 2830 1075 2915; x_wconf 86' lang='lat' dir='ltr'><strong>Tipaldi</strong></span> <span class='ocrx_word' id='word_1_158' title='bbox 1099 2829 1232 2896; x_wconf 87' lang='lat' dir='ltr'><strong>testibus</strong></span> <span class='ocrx_word' id='word_1_159' title='bbox 1255 2828 1295 2894; x_wconf 89' lang='lat' dir='ltr'><strong>ad</strong></span> <span class='ocrx_word' id='word_1_160' title='bbox 1318 2829 1382 2894; x_wconf 92' lang='lat' dir='ltr'><strong>hoc</strong></span> <span class='ocrx_word' id='word_1_161' title='bbox 1409 2829 1592 2914; x_wconf 87' lang='lat' dir='ltr'><strong>specialiter</strong></span> <span class='ocrx_word' id='word_1_162' title='bbox 1616 2849 1670 2896; x_wconf 91' lang='lat' dir='ltr'><strong>ro·</strong></span> 
     </span>
     <span class='ocr_line' id='line_1_18' title="bbox 223 2935 1668 3024; baseline -0.002 -20"><span class='ocrx_word' id='word_1_163' title='bbox 223 2940 306 3024; x_wconf 86' lang='lat' dir='ltr'><strong>gatis</strong></span> <span class='ocrx_word' id='word_1_164' title='bbox 320 2935 362 3003; x_wconf 74' lang='lat' dir='ltr'><strong>&#39;et</strong></span> <span class='ocrx_word' id='word_1_165' title='bbox 383 2940 515 3006; x_wconf 88' lang='lat' dir='ltr'><strong>vocatis.</strong></span> <span class='ocrx_word' id='word_1_166' title='bbox 541 2939 644 3004; x_wconf 88' lang='lat' dir='ltr'><strong>Venit</strong></span> <span class='ocrx_word' id='word_1_167' title='bbox 665 2938 728 3003; x_wconf 83' lang='lat' dir='ltr'><strong>dha</strong></span> <span class='ocrx_word' id='word_1_168' title='bbox 744 2939 881 3004; x_wconf 88' lang='lat' dir='ltr'><strong>Matthia</strong></span> <span class='ocrx_word' id='word_1_169' title='bbox 896 2957 980 3003; x_wconf 78' lang='lat' dir='ltr'><strong>uxor</strong></span> <span class='ocrx_word' id='word_1_170' title='bbox 996 2937 1154 3022; x_wconf 90' lang='lat' dir='ltr'><strong>quondam</strong></span> <span class='ocrx_word' id='word_1_171' title='bbox 1171 2936 1368 3002; x_wconf 89' lang='lat' dir='ltr'><strong>Guilleimini</strong></span> <span class='ocrx_word' id='word_1_172' title='bbox 1384 2935 1424 3001; x_wconf 95' lang='lat' dir='ltr'><strong>de</strong></span> <span class='ocrx_word' id='word_1_173' title='bbox 1440 2936 1503 3001; x_wconf 84' lang='lat' dir='ltr'><strong>dila</strong></span> <span class='ocrx_word' id='word_1_174' title='bbox 1526 2935 1668 3009; x_wconf 85' lang='lat' dir='ltr'><strong>Sabasta,</strong></span> 
     </span>
     <span class='ocr_line' id='line_1_19' title="bbox 223 3044 1670 3130; baseline -0.002 -19"><span class='ocrx_word' id='word_1_175' title='bbox 223 3051 254 3111; x_wconf 92' lang='lat' dir='ltr'><strong>et</strong></span> <span class='ocrx_word' id='word_1_176' title='bbox 276 3045 426 3111; x_wconf 81' lang='lat' dir='ltr'><strong>contessa</strong></span> <span class='ocrx_word' id='word_1_177' title='bbox 449 3046 509 3112; x_wconf 85' lang='lat' dir='ltr'><strong>fuit</strong></span> <span class='ocrx_word' id='word_1_178' title='bbox 532 3066 567 3112; x_wconf 89' lang='lat' dir='ltr'><strong>se</strong></span> <span class='ocrx_word' id='word_1_179' title='bbox 590 3046 662 3112; x_wconf 82' lang='lat' dir='ltr'><strong>iore</strong></span> <span class='ocrx_word' id='word_1_180' title='bbox 686 3046 784 3111; x_wconf 89' lang='lat' dir='ltr'><strong>citata</strong></span> <span class='ocrx_word' id='word_1_181' title='bbox 806 3047 840 3112; x_wconf 92' lang='lat' dir='ltr'><strong>in</strong></span> <span class='ocrx_word' id='word_1_182' title='bbox 865 3047 956 3111; x_wconf 92' lang='lat' dir='ltr'><strong>curia</strong></span> <span class='ocrx_word' id='word_1_183' title='bbox 980 3046 1070 3130; x_wconf 90' lang='lat' dir='ltr'><strong>regia</strong></span> <span class='ocrx_word' id='word_1_184' title='bbox 1093 3065 1151 3130; x_wconf 89' lang='lat' dir='ltr'><strong>per</strong></span> <span class='ocrx_word' id='word_1_185' title='bbox 1181 3045 1371 3130; x_wconf 87' lang='lat' dir='ltr'><strong>magistrum</strong></span> <span class='ocrx_word' id='word_1_186' title='bbox 1402 3045 1541 3110; x_wconf 87' lang='lat' dir='ltr'><strong>iuratum</strong></span> <span class='ocrx_word' id='word_1_187' title='bbox 1567 3044 1670 3111; x_wconf 88' lang='lat' dir='ltr'><strong>Oastri</strong></span> 
     </span>
     <span class='ocr_line' id='line_1_20' title="bbox 225 3151 1671 3240; baseline -0.002 -21"><span class='ocrx_word' id='word_1_188' title='bbox 225 3153 348 3219; x_wconf 88' lang='lat' dir='ltr'><strong>abbatis</strong></span> <span class='ocrx_word' id='word_1_189' title='bbox 370 3154 411 3219; x_wconf 88' lang='lat' dir='ltr'><strong>ad</strong></span> <span class='ocrx_word' id='word_1_190' title='bbox 436 3155 621 3237; x_wconf 85' lang='lat' dir='ltr'><strong>petitionem</strong></span> <span class='ocrx_word' id='word_1_191' title='bbox 646 3155 867 3240; x_wconf 85' lang='lat' dir='ltr'><strong>procuratoris</strong></span> <span class='ocrx_word' id='word_1_192' title='bbox 890 3153 1115 3237; x_wconf 86' lang='lat' dir='ltr'><strong>religiosorum</strong></span> <span class='ocrx_word' id='word_1_193' title='bbox 1149 3153 1294 3218; x_wconf 89' lang='lat' dir='ltr'><strong>virorum</strong></span> <span class='ocrx_word' id='word_1_194' title='bbox 1321 3153 1357 3216; x_wconf 90' lang='lat' dir='ltr'><strong>D.</strong></span> <span class='ocrx_word' id='word_1_195' title='bbox 1383 3151 1516 3218; x_wconf 89' lang='lat' dir='ltr'><strong>Ahhatis</strong></span> <span class='ocrx_word' id='word_1_196' title='bbox 1539 3158 1572 3218; x_wconf 89' lang='lat' dir='ltr'><strong>et</strong></span> <span class='ocrx_word' id='word_1_197' title='bbox 1594 3171 1671 3218; x_wconf 91' lang='lat' dir='ltr'><strong>con-</strong></span> 
     </span>
     <span class='ocr_line' id='line_1_21' title="bbox 222 3258 1672 3345; baseline 0 -19"><span class='ocrx_word' id='word_1_198' title='bbox 222 3267 321 3344; x_wconf 81' lang='lat' dir='ltr'><strong>ventu</strong></span> <span class='ocrx_word' id='word_1_199' title='bbox 344 3261 531 3327; x_wconf 88' lang='lat' dir='ltr'><strong>Monasterii</strong></span> <span class='ocrx_word' id='word_1_200' title='bbox 556 3263 711 3332; x_wconf 79' lang='lat' dir='ltr'><strong>cavensis,</strong></span> <span class='ocrx_word' id='word_1_201' title='bbox 737 3281 797 3345; x_wconf 96' lang='lat' dir='ltr'><strong>pro</strong></span> <span class='ocrx_word' id='word_1_202' title='bbox 827 3280 865 3324; x_wconf 92' lang='lat' dir='ltr'><strong>eo</strong></span> <span class='ocrx_word' id='word_1_203' title='bbox 895 3259 1044 3325; x_wconf 84' lang='lat' dir='ltr'><strong>videlicet</strong></span> <span class='ocrx_word' id='word_1_204' title='bbox 1068 3259 1151 3343; x_wconf 93' lang='lat' dir='ltr'><strong>quod</strong></span> <span class='ocrx_word' id='word_1_205' title='bbox 1183 3258 1310 3325; x_wconf 88' lang='lat' dir='ltr'><strong>dicebat</strong></span> <span class='ocrx_word' id='word_1_206' title='bbox 1340 3260 1411 3345; x_wconf 88' lang='lat' dir='ltr'><strong>ipsa</strong></span> <span class='ocrx_word' id='word_1_207' title='bbox 1440 3259 1504 3325; x_wconf 86' lang='lat' dir='ltr'><strong>dila</strong></span> <span class='ocrx_word' id='word_1_208' title='bbox 1534 3259 1672 3326; x_wconf 87' lang='lat' dir='ltr'><strong>Matthia</strong></span> 
     </span>
     <span class='ocr_line' id='line_1_22' title="bbox 223 3366 1673 3454; baseline -0.001 -21"><span class='ocrx_word' id='word_1_209' title='bbox 223 3368 368 3434; x_wconf 91' lang='lat' dir='ltr'><strong>detinere</strong></span> <span class='ocrx_word' id='word_1_210' title='bbox 392 3375 499 3434; x_wconf 89' lang='lat' dir='ltr'><strong>certos</strong></span> <span class='ocrx_word' id='word_1_211' title='bbox 524 3369 645 3434; x_wconf 89' lang='lat' dir='ltr'><strong>reditus</strong></span> <span class='ocrx_word' id='word_1_212' title='bbox 669 3374 701 3435; x_wconf 90' lang='lat' dir='ltr'><strong>et</strong></span> <span class='ocrx_word' id='word_1_213' title='bbox 725 3372 901 3454; x_wconf 88' lang='lat' dir='ltr'><strong>proventus</strong></span> <span class='ocrx_word' id='word_1_214' title='bbox 925 3387 1004 3452; x_wconf 91' lang='lat' dir='ltr'><strong>quos</strong></span> <span class='ocrx_word' id='word_1_215' title='bbox 1027 3366 1106 3433; x_wconf 87' lang='lat' dir='ltr'><strong>dare</strong></span> <span class='ocrx_word' id='word_1_216' title='bbox 1126 3366 1298 3433; x_wconf 91' lang='lat' dir='ltr'><strong>tenebatur</strong></span> <span class='ocrx_word' id='word_1_217' title='bbox 1312 3367 1477 3434; x_wconf 84' lang='lat' dir='ltr'><strong>annuatim</strong></span> <span class='ocrx_word' id='word_1_218' title='bbox 1500 3367 1585 3434; x_wconf 90' lang='lat' dir='ltr'><strong>dicto</strong></span> <span class='ocrx_word' id='word_1_219' title='bbox 1608 3387 1673 3434; x_wconf 82' lang='lat' dir='ltr'><strong>mo</strong></span> 
     </span>
     <span class='ocr_line' id='line_1_23' title="bbox 222 3473 1674 3560; baseline 0.001 -20"><span class='ocrx_word' id='word_1_220' title='bbox 222 3477 364 3542; x_wconf 84' lang='lat' dir='ltr'><strong>hastario</strong></span> <span class='ocrx_word' id='word_1_221' title='bbox 387 3475 427 3540; x_wconf 93' lang='lat' dir='ltr'><strong>de</strong></span> <span class='ocrx_word' id='word_1_222' title='bbox 451 3477 549 3541; x_wconf 89' lang='lat' dir='ltr'><strong>certis</strong></span> <span class='ocrx_word' id='word_1_223' title='bbox 572 3475 825 3560; x_wconf 86' lang='lat' dir='ltr'><strong>possessionibus</strong></span> <span class='ocrx_word' id='word_1_224' title='bbox 849 3494 929 3558; x_wconf 88' lang='lat' dir='ltr'><strong>quos</strong></span> <span class='ocrx_word' id='word_1_225' title='bbox 964 3494 984 3539; x_wconf 91' lang='lat' dir='ltr'><strong>a</strong></span> <span class='ocrx_word' id='word_1_226' title='bbox 1014 3473 1099 3540; x_wconf 90' lang='lat' dir='ltr'><strong>dicto</strong></span> <span class='ocrx_word' id='word_1_227' title='bbox 1130 3474 1327 3542; x_wconf 87' lang='lat' dir='ltr'><strong>Monasterio</strong></span> <span class='ocrx_word' id='word_1_228' title='bbox 1357 3478 1456 3542; x_wconf 88' lang='lat' dir='ltr'><strong>tenet</strong></span> <span class='ocrx_word' id='word_1_229' title='bbox 1490 3474 1580 3550; x_wconf 86' lang='lat' dir='ltr'><strong>Quae</strong></span> <span class='ocrx_word' id='word_1_230' title='bbox 1605 3476 1674 3541; x_wconf 86' lang='lat' dir='ltr'><strong>Dita</strong></span> 
     </span>
     <span class='ocr_line' id='line_1_24' title="bbox 222 3583 1669 3676; baseline 0.003 -28"><span class='ocrx_word' id='word_1_231' title='bbox 222 3584 359 3650; x_wconf 89' lang='lat' dir='ltr'><strong>Matthia</strong></span> <span class='ocrx_word' id='word_1_232' title='bbox 381 3584 546 3670; x_wconf 90' lang='lat' dir='ltr'><strong>praedicta</strong></span> <span class='ocrx_word' id='word_1_233' title='bbox 567 3604 628 3676; x_wconf 81' lang='lat' dir='ltr'><strong>sua</strong></span> <span class='ocrx_word' id='word_1_234' title='bbox 650 3583 734 3648; x_wconf 90' lang='lat' dir='ltr'><strong>bona</strong></span> <span class='ocrx_word' id='word_1_235' title='bbox 758 3585 899 3668; x_wconf 90' lang='lat' dir='ltr'><strong>gratuita</strong></span> <span class='ocrx_word' id='word_1_236' title='bbox 914 3587 1010 3667; x_wconf 90' lang='lat' dir='ltr'><strong>atque</strong></span> <span class='ocrx_word' id='word_1_237' title='bbox 1026 3587 1204 3667; x_wconf 90' lang='lat' dir='ltr'><strong>spontanea</strong></span> <span class='ocrx_word' id='word_1_238' title='bbox 1218 3583 1394 3652; x_wconf 82' lang='lat' dir='ltr'><strong>voluntate.</strong></span> <span class='ocrx_word' id='word_1_239' title='bbox 1409 3602 1475 3647; x_wconf 92' lang='lat' dir='ltr'><strong>non</strong></span> <span class='ocrx_word' id='word_1_240' title='bbox 1491 3583 1524 3648; x_wconf 82' lang='lat' dir='ltr'><strong>vi</strong></span> <span class='ocrx_word' id='word_1_241' title='bbox 1548 3587 1669 3653; x_wconf 83' lang='lat' dir='ltr'><strong>coacta.</strong></span> 
     </span>
     <span class='ocr_line' id='line_1_25' title="bbox 216 3687 1671 3775; baseline -0.001 -19"><span class='ocrx_word' id='word_1_242' title='bbox 216 3711 283 3756; x_wconf 86' lang='lat' dir='ltr'><strong>-nec</strong></span> <span class='ocrx_word' id='word_1_243' title='bbox 306 3691 346 3756; x_wconf 90' lang='lat' dir='ltr'><strong>ab</strong></span> <span class='ocrx_word' id='word_1_244' title='bbox 369 3691 476 3775; x_wconf 89' lang='lat' dir='ltr'><strong>aliquo</strong></span> <span class='ocrx_word' id='word_1_245' title='bbox 500 3691 630 3757; x_wconf 88' lang='lat' dir='ltr'><strong>inducta</strong></span> <span class='ocrx_word' id='word_1_246' title='bbox 653 3710 889 3775; x_wconf 90' lang='lat' dir='ltr'><strong>recognoscens</strong></span> <span class='ocrx_word' id='word_1_247' title='bbox 909 3687 1047 3758; x_wconf 83' lang='lat' dir='ltr'><strong>domum.</strong></span> <span class='ocrx_word' id='word_1_248' title='bbox 1065 3708 1160 3773; x_wconf 81' lang='lat' dir='ltr'><strong>quam</strong></span> <span class='ocrx_word' id='word_1_249' title='bbox 1176 3690 1245 3774; x_wconf 86' lang='lat' dir='ltr'><strong>ipsa</strong></span> <span class='ocrx_word' id='word_1_250' title='bbox 1259 3694 1358 3763; x_wconf 88' lang='lat' dir='ltr'><strong>tenet,</strong></span> <span class='ocrx_word' id='word_1_251' title='bbox 1375 3693 1524 3774; x_wconf 88' lang='lat' dir='ltr'><strong>spectare</strong></span> <span class='ocrx_word' id='word_1_252' title='bbox 1544 3689 1584 3756; x_wconf 92' lang='lat' dir='ltr'><strong>de</strong></span> <span class='ocrx_word' id='word_1_253' title='bbox 1599 3692 1671 3757; x_wconf 90' lang='lat' dir='ltr'><strong>iure</strong></span> 
     </span>
     <span class='ocr_line' id='line_1_26' title="bbox 223 3796 1674 3883; baseline 0.001 -21"><span class='ocrx_word' id='word_1_254' title='bbox 223 3797 307 3862; x_wconf 87' lang='lat' dir='ltr'><strong>dicto</strong></span> <span class='ocrx_word' id='word_1_255' title='bbox 330 3798 528 3865; x_wconf 91' lang='lat' dir='ltr'><strong>Monasterio</strong></span> <span class='ocrx_word' id='word_1_256' title='bbox 551 3799 795 3881; x_wconf 88' lang='lat' dir='ltr'><strong>cavensi;quae</strong></span> <span class='ocrx_word' id='word_1_257' title='bbox 819 3797 933 3862; x_wconf 90' lang='lat' dir='ltr'><strong>domus</strong></span> <span class='ocrx_word' id='word_1_258' title='bbox 958 3801 1008 3863; x_wconf 91' lang='lat' dir='ltr'><strong>est</strong></span> <span class='ocrx_word' id='word_1_259' title='bbox 1031 3797 1118 3863; x_wconf 89' lang='lat' dir='ltr'><strong>intus</strong></span> <span class='ocrx_word' id='word_1_260' title='bbox 1141 3796 1309 3862; x_wconf 87' lang='lat' dir='ltr'><strong>castellum</strong></span> <span class='ocrx_word' id='word_1_261' title='bbox 1335 3797 1433 3862; x_wconf 90' lang='lat' dir='ltr'><strong>lohae</strong></span> <span class='ocrx_word' id='word_1_262' title='bbox 1456 3817 1557 3883; x_wconf 92' lang='lat' dir='ltr'><strong>prope</strong></span> <span class='ocrx_word' id='word_1_263' title='bbox 1580 3799 1674 3864; x_wconf 92' lang='lat' dir='ltr'><strong>cemi-</strong></span> 
     </span>
     <span class='ocr_line' id='line_1_27' title="bbox 222 3902 1673 3978; baseline 0.001 -7"><span class='ocrx_word' id='word_1_264' title='bbox 222 3907 339 3971; x_wconf 90' lang='lat' dir='ltr'><strong>terium</strong></span> <span class='ocrx_word' id='word_1_265' title='bbox 354 3904 384 3970; x_wconf 91' lang='lat' dir='ltr'><strong>S.</strong></span> <span class='ocrx_word' id='word_1_266' title='bbox 404 3905 529 3970; x_wconf 89' lang='lat' dir='ltr'><strong>Mariae</strong></span> <span class='ocrx_word' id='word_1_267' title='bbox 552 3905 591 3970; x_wconf 91' lang='lat' dir='ltr'><strong>de</strong></span> <span class='ocrx_word' id='word_1_268' title='bbox 608 3905 733 3974; x_wconf 84' lang='lat' dir='ltr'><strong>Stratis,</strong></span> <span class='ocrx_word' id='word_1_269' title='bbox 748 3906 839 3970; x_wconf 82' lang='lat' dir='ltr'><strong>iuxta</strong></span> <span class='ocrx_word' id='word_1_270' title='bbox 861 3902 958 3968; x_wconf 90' lang='lat' dir='ltr'><strong>finem</strong></span> <span class='ocrx_word' id='word_1_271' title='bbox 983 3902 1062 3971; x_wconf 90' lang='lat' dir='ltr'><strong>dicti</strong></span> <span class='ocrx_word' id='word_1_272' title='bbox 1078 3903 1196 3969; x_wconf 91' lang='lat' dir='ltr'><strong>Iudicis</strong></span> <span class='ocrx_word' id='word_1_273' title='bbox 1214 3905 1365 3969; x_wconf 88' lang='lat' dir='ltr'><strong>Henricis</strong></span> <span class='ocrx_word' id='word_1_274' title='bbox 1381 3902 1421 3968; x_wconf 88' lang='lat' dir='ltr'><strong>de</strong></span> <span class='ocrx_word' id='word_1_275' title='bbox 1437 3904 1563 3978; x_wconf 87' lang='lat' dir='ltr'><strong>Stratis,</strong></span> <span class='ocrx_word' id='word_1_276' title='bbox 1581 3906 1673 3973; x_wconf 88' lang='lat' dir='ltr'><strong>iuxta</strong></span> 
     </span>
     <span class='ocr_line' id='line_1_28' title="bbox 223 4010 1671 4096; baseline -0.001 -19"><span class='ocrx_word' id='word_1_277' title='bbox 223 4010 318 4078; x_wconf 88' lang='lat' dir='ltr'><strong>finem</strong></span> <span class='ocrx_word' id='word_1_278' title='bbox 342 4031 436 4096; x_wconf 86' lang='lat' dir='ltr'><strong>quem</strong></span> <span class='ocrx_word' id='word_1_279' title='bbox 460 4017 548 4079; x_wconf 90' lang='lat' dir='ltr'><strong>tenet</strong></span> <span class='ocrx_word' id='word_1_280' title='bbox 572 4011 723 4096; x_wconf 85' lang='lat' dir='ltr'><strong>Tipaldus</strong></span> <span class='ocrx_word' id='word_1_281' title='bbox 746 4012 786 4076; x_wconf 91' lang='lat' dir='ltr'><strong>de</strong></span> <span class='ocrx_word' id='word_1_282' title='bbox 810 4012 926 4078; x_wconf 88' lang='lat' dir='ltr'><strong>Stratis</strong></span> <span class='ocrx_word' id='word_1_283' title='bbox 950 4016 982 4076; x_wconf 90' lang='lat' dir='ltr'><strong>et</strong></span> <span class='ocrx_word' id='word_1_284' title='bbox 1004 4013 1095 4076; x_wconf 81' lang='lat' dir='ltr'><strong>iuxta</strong></span> <span class='ocrx_word' id='word_1_285' title='bbox 1119 4012 1203 4075; x_wconf 88' lang='lat' dir='ltr'><strong>viam</strong></span> <span class='ocrx_word' id='word_1_286' title='bbox 1227 4011 1396 4096; x_wconf 86' lang='lat' dir='ltr'><strong>puplicam,</strong></span> <span class='ocrx_word' id='word_1_287' title='bbox 1426 4016 1459 4076; x_wconf 91' lang='lat' dir='ltr'><strong>et</strong></span> <span class='ocrx_word' id='word_1_288' title='bbox 1480 4013 1507 4077; x_wconf 87' lang='lat' dir='ltr'><strong>si</strong></span> <span class='ocrx_word' id='word_1_289' title='bbox 1539 4013 1593 4096; x_wconf 91' lang='lat' dir='ltr'><strong>qui</strong></span> <span class='ocrx_word' id='word_1_290' title='bbox 1616 4013 1671 4078; x_wconf 90' lang='lat' dir='ltr'><strong>alii</strong></span> 
     </span>
    </p>
   </div>
   <div class='ocr_carea' id='block_1_5' title="bbox 223 4089 1907 4204">
    <p class='ocr_par' dir='ltr' id='par_1_5' title="bbox 223 4089 1907 4204">
     <span class='ocr_line' id='line_1_29' title="bbox 223 4089 1907 4204; baseline 0.001 -20"><span class='ocrx_word' id='word_1_291' title='bbox 223 4125 297 4187; x_wconf 91' lang='lat' dir='ltr'><strong>sunt</strong></span> <span class='ocrx_word' id='word_1_292' title='bbox 320 4117 472 4190; x_wconf 78' lang='lat' dir='ltr'><strong>confines,</strong></span> <span class='ocrx_word' id='word_1_293' title='bbox 497 4120 734 4188; x_wconf 82' lang='lat' dir='ltr'><strong>interveniente</strong></span> <span class='ocrx_word' id='word_1_294' title='bbox 758 4120 949 4185; x_wconf 87' lang='lat' dir='ltr'><strong>anctoritate</strong></span> <span class='ocrx_word' id='word_1_295' title='bbox 974 4123 1006 4183; x_wconf 92' lang='lat' dir='ltr'><strong>et</strong></span> <span class='ocrx_word' id='word_1_296' title='bbox 1029 4119 1203 4184; x_wconf 85' lang='lat' dir='ltr'><strong>securitate</strong></span> <span class='ocrx_word' id='word_1_297' title='bbox 1226 4117 1361 4204; x_wconf 82' lang='lat' dir='ltr'><strong>Nicoiay</strong></span> <span class='ocrx_word' id='word_1_298' title='bbox 1394 4118 1435 4184; x_wconf 93' lang='lat' dir='ltr'><strong>de</strong></span> <span class='ocrx_word' id='word_1_299' title='bbox 1465 4117 1581 4186; x_wconf 85' lang='lat' dir='ltr'><strong>Stratis</strong></span> <span class='ocrx_word' id='word_1_300' title='bbox 1605 4139 1673 4185; x_wconf 90' lang='lat' dir='ltr'><strong>car·</strong></span> <span class='ocrx_word' id='word_1_301' title='bbox 1751 4137 1753 4142; x_wconf 79' lang='grc'>’</span> <span class='ocrx_word' id='word_1_302' title='bbox 1828 4103 1830 4108; x_wconf 36' lang='lat'><strong><em>⁴</em></strong></span> <span class='ocrx_word' id='word_1_303' title='bbox 1900 4089 1907 4100; x_wconf 38' lang='lat'><strong>⁹</strong></span> 
     </span>
    </p>
   </div>
   <div class='ocr_carea' id='block_1_6' title="bbox 222 4223 1706 5601">
    <p class='ocr_par' dir='ltr' id='par_1_6' title="bbox 222 4223 1706 5601">
     <span class='ocr_line' id='line_1_30' title="bbox 222 4223 1673 4310; baseline 0.001 -19"><span class='ocrx_word' id='word_1_304' title='bbox 222 4227 304 4292; x_wconf 90' lang='lat' dir='ltr'><strong>nalis</strong></span> <span class='ocrx_word' id='word_1_305' title='bbox 328 4227 397 4291; x_wconf 88' lang='lat' dir='ltr'><strong>eius</strong></span> <span class='ocrx_word' id='word_1_306' title='bbox 421 4226 582 4298; x_wconf 81' lang='lat' dir='ltr'><strong>avunculi,</strong></span> <span class='ocrx_word' id='word_1_307' title='bbox 608 4245 702 4310; x_wconf 90' lang='lat' dir='ltr'><strong>quem</strong></span> <span class='ocrx_word' id='word_1_308' title='bbox 726 4225 783 4290; x_wconf 93' lang='lat' dir='ltr'><strong>sihi</strong></span> <span class='ocrx_word' id='word_1_309' title='bbox 808 4231 949 4290; x_wconf 88' lang='lat' dir='ltr'><strong>tutorem</strong></span> <span class='ocrx_word' id='word_1_310' title='bbox 973 4225 1073 4310; x_wconf 87' lang='lat' dir='ltr'><strong>elegit</strong></span> <span class='ocrx_word' id='word_1_311' title='bbox 1095 4224 1135 4290; x_wconf 93' lang='lat' dir='ltr'><strong>ad</strong></span> <span class='ocrx_word' id='word_1_312' title='bbox 1159 4225 1222 4289; x_wconf 93' lang='lat' dir='ltr'><strong>hoc</strong></span> <span class='ocrx_word' id='word_1_313' title='bbox 1247 4229 1280 4291; x_wconf 91' lang='lat' dir='ltr'><strong>et</strong></span> <span class='ocrx_word' id='word_1_314' title='bbox 1306 4224 1410 4291; x_wconf 91' lang='lat' dir='ltr'><strong>sibia</strong></span> <span class='ocrx_word' id='word_1_315' title='bbox 1440 4225 1532 4292; x_wconf 91' lang='lat' dir='ltr'><strong>nobis</strong></span> <span class='ocrx_word' id='word_1_316' title='bbox 1555 4223 1673 4292; x_wconf 88' lang='lat' dir='ltr'><strong>conflr-</strong></span> 
     </span>
     <span class='ocr_line' id='line_1_31' title="bbox 224 4331 1673 4419; baseline -0.001 -22"><span class='ocrx_word' id='word_1_317' title='bbox 224 4339 353 4405; x_wconf 83' lang='lat' dir='ltr'><strong>matum,</strong></span> <span class='ocrx_word' id='word_1_318' title='bbox 386 4353 458 4397; x_wconf 88' lang='lat' dir='ltr'><strong>cum</strong></span> <span class='ocrx_word' id='word_1_319' title='bbox 489 4332 666 4417; x_wconf 90' lang='lat' dir='ltr'><strong>legitimum</strong></span> <span class='ocrx_word' id='word_1_320' title='bbox 696 4352 758 4398; x_wconf 92' lang='lat' dir='ltr'><strong>nec</strong></span> <span class='ocrx_word' id='word_1_321' title='bbox 788 4334 1049 4418; x_wconf 90' lang='lat' dir='ltr'><strong>propinquiorem</strong></span> <span class='ocrx_word' id='word_1_322' title='bbox 1079 4351 1145 4396; x_wconf 91' lang='lat' dir='ltr'><strong>non</strong></span> <span class='ocrx_word' id='word_1_323' title='bbox 1175 4331 1320 4404; x_wconf 82' lang='lat' dir='ltr'><strong>haberet.</strong></span> <span class='ocrx_word' id='word_1_324' title='bbox 1354 4333 1478 4399; x_wconf 89' lang='lat' dir='ltr'><strong>remisit</strong></span> <span class='ocrx_word' id='word_1_325' title='bbox 1508 4333 1673 4419; x_wconf 90' lang='lat' dir='ltr'><strong>praedicto</strong></span> 
     </span>
     <span class='ocr_line' id='line_1_32' title="bbox 225 4438 1670 4526; baseline 0 -20"><span class='ocrx_word' id='word_1_326' title='bbox 225 4441 422 4506; x_wconf 88' lang='lat' dir='ltr'><strong>Monasterio</strong></span> <span class='ocrx_word' id='word_1_327' title='bbox 446 4439 572 4505; x_wconf 88' lang='lat' dir='ltr'><strong>domum</strong></span> <span class='ocrx_word' id='word_1_328' title='bbox 596 4442 697 4526; x_wconf 86' lang='lat' dir='ltr'><strong>ipsam</strong></span> <span class='ocrx_word' id='word_1_329' title='bbox 721 4444 754 4506; x_wconf 91' lang='lat' dir='ltr'><strong>et</strong></span> <span class='ocrx_word' id='word_1_330' title='bbox 776 4460 870 4504; x_wconf 93' lang='lat' dir='ltr'><strong>omne</strong></span> <span class='ocrx_word' id='word_1_331' title='bbox 894 4440 943 4504; x_wconf 90' lang='lat' dir='ltr'><strong>ius</strong></span> <span class='ocrx_word' id='word_1_332' title='bbox 966 4438 1018 4503; x_wconf 87' lang='lat' dir='ltr'><strong>vel</strong></span> <span class='ocrx_word' id='word_1_333' title='bbox 1049 4441 1210 4504; x_wconf 86' lang='lat' dir='ltr'><strong>actionem</strong></span> <span class='ocrx_word' id='word_1_334' title='bbox 1240 4443 1337 4523; x_wconf 70' lang='lat' dir='ltr'><strong>‘quam</strong></span> <span class='ocrx_word' id='word_1_335' title='bbox 1368 4439 1475 4514; x_wconf 86' lang='lat' dir='ltr'><strong>hahet,</strong></span> <span class='ocrx_word' id='word_1_336' title='bbox 1498 4441 1552 4506; x_wconf 80' lang='lat' dir='ltr'><strong>vel</strong></span> <span class='ocrx_word' id='word_1_337' title='bbox 1576 4461 1670 4526; x_wconf 91' lang='lat' dir='ltr'><strong>quam</strong></span> 
     </span>
     <span class='ocr_line' id='line_1_33' title="bbox 226 4546 1675 4633; baseline 0.001 -21"><span class='ocrx_word' id='word_1_338' title='bbox 226 4546 347 4614; x_wconf 88' lang='lat' dir='ltr'><strong>hahere</strong></span> <span class='ocrx_word' id='word_1_339' title='bbox 371 4551 477 4633; x_wconf 89' lang='lat' dir='ltr'><strong>posset</strong></span> <span class='ocrx_word' id='word_1_340' title='bbox 501 4549 532 4610; x_wconf 91' lang='lat' dir='ltr'><strong>in</strong></span> <span class='ocrx_word' id='word_1_341' title='bbox 558 4546 669 4612; x_wconf 88' lang='lat' dir='ltr'><strong>eadem</strong></span> <span class='ocrx_word' id='word_1_342' title='bbox 692 4546 795 4618; x_wconf 91' lang='lat' dir='ltr'><strong>domo,</strong></span> <span class='ocrx_word' id='word_1_343' title='bbox 820 4551 853 4612; x_wconf 90' lang='lat' dir='ltr'><strong>et</strong></span> <span class='ocrx_word' id='word_1_344' title='bbox 876 4547 908 4611; x_wconf 90' lang='lat' dir='ltr'><strong>in</strong></span> <span class='ocrx_word' id='word_1_345' title='bbox 931 4566 1043 4612; x_wconf 87' lang='lat' dir='ltr'><strong>veram</strong></span> <span class='ocrx_word' id='word_1_346' title='bbox 1068 4551 1100 4612; x_wconf 91' lang='lat' dir='ltr'><strong>et</strong></span> <span class='ocrx_word' id='word_1_347' title='bbox 1124 4547 1325 4632; x_wconf 90' lang='lat' dir='ltr'><strong>corporalem</strong></span> <span class='ocrx_word' id='word_1_348' title='bbox 1350 4549 1593 4632; x_wconf 87' lang='lat' dir='ltr'><strong>possessionem,</strong></span> <span class='ocrx_word' id='word_1_349' title='bbox 1619 4568 1675 4615; x_wconf 93' lang='lat' dir='ltr'><strong>no·</strong></span> 
     </span>
     <span class='ocr_line' id='line_1_34' title="bbox 225 4653 1674 4742; baseline 0.001 -24"><span class='ocrx_word' id='word_1_350' title='bbox 225 4655 311 4719; x_wconf 91' lang='lat' dir='ltr'><strong>mine</strong></span> <span class='ocrx_word' id='word_1_351' title='bbox 335 4659 367 4719; x_wconf 95' lang='lat' dir='ltr'><strong>et</strong></span> <span class='ocrx_word' id='word_1_352' title='bbox 389 4673 449 4739; x_wconf 92' lang='lat' dir='ltr'><strong>pro</strong></span> <span class='ocrx_word' id='word_1_353' title='bbox 473 4659 564 4739; x_wconf 90' lang='lat' dir='ltr'><strong>parte</strong></span> <span class='ocrx_word' id='word_1_354' title='bbox 588 4653 727 4718; x_wconf 92' lang='lat' dir='ltr'><strong>iamdicti</strong></span> <span class='ocrx_word' id='word_1_355' title='bbox 752 4655 946 4726; x_wconf 84' lang='lat' dir='ltr'><strong>monasterii,</strong></span> <span class='ocrx_word' id='word_1_356' title='bbox 971 4654 1164 4720; x_wconf 79' lang='lat' dir='ltr'><strong>auctoritate</strong></span> <span class='ocrx_word' id='word_1_357' title='bbox 1195 4653 1369 4742; x_wconf 89' lang='lat' dir='ltr'><strong>praedicta,</strong></span> <span class='ocrx_word' id='word_1_358' title='bbox 1395 4654 1525 4720; x_wconf 89' lang='lat' dir='ltr'><strong>immisit</strong></span> <span class='ocrx_word' id='word_1_359' title='bbox 1553 4655 1674 4740; x_wconf 87' lang='lat' dir='ltr'><strong>presbi-</strong></span> 
     </span>
     <span class='ocr_line' id='line_1_35' title="bbox 225 4757 1676 4832; baseline 0.001 -4"><span class='ocrx_word' id='word_1_360' title='bbox 225 4765 331 4828; x_wconf 89' lang='lat' dir='ltr'><strong>terum</strong></span> <span class='ocrx_word' id='word_1_361' title='bbox 357 4761 521 4826; x_wconf 90' lang='lat' dir='ltr'><strong>Nicolaum</strong></span> <span class='ocrx_word' id='word_1_362' title='bbox 547 4760 717 4826; x_wconf 86' lang='lat' dir='ltr'><strong>Gamillum</strong></span> <span class='ocrx_word' id='word_1_363' title='bbox 747 4780 870 4832; x_wconf 85' lang='lat' dir='ltr'><strong>verum,</strong></span> <span class='ocrx_word' id='word_1_364' title='bbox 896 4760 1043 4826; x_wconf 89' lang='lat' dir='ltr'><strong>idoneum</strong></span> <span class='ocrx_word' id='word_1_365' title='bbox 1069 4766 1101 4826; x_wconf 91' lang='lat' dir='ltr'><strong>et</strong></span> <span class='ocrx_word' id='word_1_366' title='bbox 1124 4757 1259 4826; x_wconf 87' lang='lat' dir='ltr'><strong>fidelem.</strong></span> <span class='ocrx_word' id='word_1_367' title='bbox 1293 4761 1335 4828; x_wconf 88' lang='lat' dir='ltr'><strong>Et</strong></span> <span class='ocrx_word' id='word_1_368' title='bbox 1362 4763 1567 4829; x_wconf 86' lang='lat' dir='ltr'><strong>renunciavit</strong></span> <span class='ocrx_word' id='word_1_369' title='bbox 1589 4761 1676 4830; x_wconf 89' lang='lat' dir='ltr'><strong>dicta</strong></span> 
     </span>
     <span class='ocr_line' id='line_1_36' title="bbox 226 4867 1675 4962; baseline 0.002 -30"><span class='ocrx_word' id='word_1_370' title='bbox 226 4868 289 4933; x_wconf 81' lang='lat' dir='ltr'><strong>dha</strong></span> <span class='ocrx_word' id='word_1_371' title='bbox 312 4867 450 4932; x_wconf 89' lang='lat' dir='ltr'><strong>Matthia</strong></span> <span class='ocrx_word' id='word_1_372' title='bbox 472 4869 558 4932; x_wconf 89' lang='lat' dir='ltr'><strong>omni</strong></span> <span class='ocrx_word' id='word_1_373' title='bbox 580 4869 691 4952; x_wconf 89' lang='lat' dir='ltr'><strong>legum</strong></span> <span class='ocrx_word' id='word_1_374' title='bbox 715 4867 836 4932; x_wconf 88' lang='lat' dir='ltr'><strong>auxilio</strong></span> <span class='ocrx_word' id='word_1_375' title='bbox 861 4872 893 4932; x_wconf 89' lang='lat' dir='ltr'><strong>et</strong></span> <span class='ocrx_word' id='word_1_376' title='bbox 916 4867 1100 4951; x_wconf 89' lang='lat' dir='ltr'><strong>specialiter</strong></span> <span class='ocrx_word' id='word_1_377' title='bbox 1102 4917 1198 4931; x_wconf 90' lang='grc'>.........</span> <span class='ocrx_word' id='word_1_378' title='bbox 1219 4867 1266 4962; x_wconf 66' lang='grc' dir='ltr'><strong>ι(16</strong></span> <span class='ocrx_word' id='word_1_379' title='bbox 1290 4887 1355 4932; x_wconf 91' lang='lat' dir='ltr'><strong>non</strong></span> <span class='ocrx_word' id='word_1_380' title='bbox 1378 4869 1536 4934; x_wconf 89' lang='lat' dir='ltr'><strong>veniendo</strong></span> <span class='ocrx_word' id='word_1_381' title='bbox 1560 4875 1675 4935; x_wconf 91' lang='lat' dir='ltr'><strong>contra</strong></span> 
     </span>
     <span class='ocr_line' id='line_1_37' title="bbox 226 4973 1677 5062; baseline 0.004 -22"><span class='ocrx_word' id='word_1_382' title='bbox 226 4975 446 5040; x_wconf 88' lang='lat' dir='ltr'><strong>remissionem</strong></span> <span class='ocrx_word' id='word_1_383' title='bbox 471 4973 678 5061; x_wconf 87' lang='lat' dir='ltr'><strong>praedictam,</strong></span> <span class='ocrx_word' id='word_1_384' title='bbox 703 4977 798 5040; x_wconf 88' lang='lat' dir='ltr'><strong>tactis</strong></span> <span class='ocrx_word' id='word_1_385' title='bbox 822 4975 1039 5040; x_wconf 89' lang='lat' dir='ltr'><strong>sacrosanctis</strong></span> <span class='ocrx_word' id='word_1_386' title='bbox 1063 4974 1249 5060; x_wconf 85' lang='lat' dir='ltr'><strong>Evangeliis</strong></span> <span class='ocrx_word' id='word_1_387' title='bbox 1273 4975 1487 5060; x_wconf 88' lang='lat' dir='ltr'><strong>corporaliter</strong></span> <span class='ocrx_word' id='word_1_388' title='bbox 1517 4979 1677 5062; x_wconf 90' lang='lat' dir='ltr'><strong>praestitit</strong></span> 
     </span>
     <span class='ocr_line' id='line_1_38' title="bbox 226 5080 1706 5168; baseline 0.003 -21"><span class='ocrx_word' id='word_1_389' title='bbox 226 5084 449 5148; x_wconf 90' lang='lat' dir='ltr'><strong>iuramentum.</strong></span> <span class='ocrx_word' id='word_1_390' title='bbox 467 5083 513 5146; x_wconf 90' lang='lat' dir='ltr'><strong>De</strong></span> <span class='ocrx_word' id='word_1_391' title='bbox 530 5082 644 5166; x_wconf 86' lang='lat' dir='ltr'><strong>quibus</strong></span> <span class='ocrx_word' id='word_1_392' title='bbox 667 5081 877 5166; x_wconf 89' lang='lat' dir='ltr'><strong>adimplendis</strong></span> <span class='ocrx_word' id='word_1_393' title='bbox 901 5087 934 5148; x_wconf 93' lang='lat' dir='ltr'><strong>et</strong></span> <span class='ocrx_word' id='word_1_394' title='bbox 957 5080 1021 5146; x_wconf 84' lang='lat' dir='ltr'><strong>nori</strong></span> <span class='ocrx_word' id='word_1_395' title='bbox 1047 5081 1252 5148; x_wconf 85' lang='lat' dir='ltr'><strong>removendis</strong></span> <span class='ocrx_word' id='word_1_396' title='bbox 1267 5083 1415 5168; x_wconf 85' lang='lat' dir='ltr'><strong>guadiam</strong></span> <span class='ocrx_word' id='word_1_397' title='bbox 1439 5083 1524 5149; x_wconf 87' lang='lat' dir='ltr'><strong>dicta</strong></span> <span class='ocrx_word' id='word_1_398' title='bbox 1540 5085 1575 5150; x_wconf 90' lang='lat' dir='ltr'><strong>D.</strong></span> <span class='ocrx_word' id='word_1_399' title='bbox 1593 5085 1676 5151; x_wconf 90' lang='lat' dir='ltr'><strong>Mat·</strong></span> <span class='ocrx_word' id='word_1_400' title='bbox 1704 5091 1706 5096; x_wconf 82' lang='grc'>’</span> 
     </span>
     <span class='ocr_line' id='line_1_39' title="bbox 225 5187 1675 5277; baseline 0.001 -22"><span class='ocrx_word' id='word_1_401' title='bbox 225 5189 303 5262; x_wconf 86' lang='lat' dir='ltr'><strong>thia,</strong></span> <span class='ocrx_word' id='word_1_402' title='bbox 328 5189 518 5254; x_wconf 87' lang='lat' dir='ltr'><strong>auctoritate</strong></span> <span class='ocrx_word' id='word_1_403' title='bbox 541 5188 714 5274; x_wconf 81' lang='lat' dir='ltr'><strong>praedicta.</strong></span> <span class='ocrx_word' id='word_1_404' title='bbox 740 5188 842 5254; x_wconf 90' lang='lat' dir='ltr'><strong>eidem</strong></span> <span class='ocrx_word' id='word_1_405' title='bbox 866 5187 1045 5272; x_wconf 89' lang='lat' dir='ltr'><strong>presbitero</strong></span> <span class='ocrx_word' id='word_1_406' title='bbox 1084 5189 1215 5254; x_wconf 91' lang='lat' dir='ltr'><strong>Nicoiao</strong></span> <span class='ocrx_word' id='word_1_407' title='bbox 1239 5189 1385 5262; x_wconf 88' lang='lat' dir='ltr'><strong>Gamillo,</strong></span> <span class='ocrx_word' id='word_1_408' title='bbox 1409 5192 1538 5256; x_wconf 92' lang='lat' dir='ltr'><strong>nomine</strong></span> <span class='ocrx_word' id='word_1_409' title='bbox 1561 5195 1594 5257; x_wconf 92' lang='lat' dir='ltr'><strong>et</strong></span> <span class='ocrx_word' id='word_1_410' title='bbox 1615 5211 1675 5277; x_wconf 91' lang='lat' dir='ltr'><strong>pro</strong></span> 
     </span>
     <span class='ocr_line' id='line_1_40' title="bbox 227 5293 1677 5382; baseline 0.001 -22"><span class='ocrx_word' id='word_1_411' title='bbox 227 5301 319 5381; x_wconf 85' lang='lat' dir='ltr'><strong>parte</strong></span> <span class='ocrx_word' id='word_1_412' title='bbox 343 5295 496 5380; x_wconf 87' lang='lat' dir='ltr'><strong>praedicti</strong></span> <span class='ocrx_word' id='word_1_413' title='bbox 521 5297 705 5361; x_wconf 87' lang='lat' dir='ltr'><strong>monasterii</strong></span> <span class='ocrx_word' id='word_1_414' title='bbox 729 5300 843 5380; x_wconf 89' lang='lat' dir='ltr'><strong>sponte</strong></span> <span class='ocrx_word' id='word_1_415' title='bbox 867 5294 963 5367; x_wconf 85' lang='lat' dir='ltr'><strong>dedit,</strong></span> <span class='ocrx_word' id='word_1_416' title='bbox 981 5301 1013 5360; x_wconf 92' lang='lat' dir='ltr'><strong>et</strong></span> <span class='ocrx_word' id='word_1_417' title='bbox 1036 5293 1255 5361; x_wconf 86' lang='lat' dir='ltr'><strong>fideiussorem</strong></span> <span class='ocrx_word' id='word_1_418' title='bbox 1280 5297 1309 5362; x_wconf 88' lang='lat' dir='ltr'><strong>ei</strong></span> <span class='ocrx_word' id='word_1_419' title='bbox 1333 5296 1450 5362; x_wconf 87' lang='lat' dir='ltr'><strong>exinde</strong></span> <span class='ocrx_word' id='word_1_420' title='bbox 1473 5298 1578 5382; x_wconf 91' lang='lat' dir='ltr'><strong>posuit</strong></span> <span class='ocrx_word' id='word_1_421' title='bbox 1603 5299 1677 5362; x_wconf 84' lang='lat' dir='ltr'><strong>Am·</strong></span> 
     </span>
     <span class='ocr_line' id='line_1_41' title="bbox 226 5400 1677 5490; baseline 0.003 -24"><span class='ocrx_word' id='word_1_422' title='bbox 226 5403 398 5488; x_wconf 88' lang='lat' dir='ltr'><strong>puloneum</strong></span> <span class='ocrx_word' id='word_1_423' title='bbox 422 5401 461 5466; x_wconf 90' lang='lat' dir='ltr'><strong>de</strong></span> <span class='ocrx_word' id='word_1_424' title='bbox 484 5401 595 5466; x_wconf 89' lang='lat' dir='ltr'><strong>eadem</strong></span> <span class='ocrx_word' id='word_1_425' title='bbox 619 5408 709 5467; x_wconf 88' lang='lat' dir='ltr'><strong>terra</strong></span> <span class='ocrx_word' id='word_1_426' title='bbox 733 5407 846 5488; x_wconf 89' lang='lat' dir='ltr'><strong>sponte</strong></span> <span class='ocrx_word' id='word_1_427' title='bbox 862 5400 1097 5476; x_wconf 84' lang='lat' dir='ltr'><strong>fideiubentem,</strong></span> <span class='ocrx_word' id='word_1_428' title='bbox 1115 5407 1148 5468; x_wconf 91' lang='lat' dir='ltr'><strong>et</strong></span> <span class='ocrx_word' id='word_1_429' title='bbox 1169 5423 1230 5488; x_wconf 90' lang='lat' dir='ltr'><strong>per</strong></span> <span class='ocrx_word' id='word_1_430' title='bbox 1253 5404 1354 5490; x_wconf 86' lang='lat' dir='ltr'><strong>ipsios</strong></span> <span class='ocrx_word' id='word_1_431' title='bbox 1376 5403 1525 5489; x_wconf 89' lang='lat' dir='ltr'><strong>guadiam</strong></span> <span class='ocrx_word' id='word_1_432' title='bbox 1548 5410 1582 5472; x_wconf 90' lang='lat' dir='ltr'><strong>et</strong></span> <span class='ocrx_word' id='word_1_433' title='bbox 1603 5401 1677 5471; x_wconf 86' lang='lat' dir='ltr'><strong>flde-</strong></span> 
     </span>
     <span class='ocr_line' id='line_1_42' title="bbox 230 5508 1678 5601; baseline 0.003 -27"><span class='ocrx_word' id='word_1_434' title='bbox 230 5511 387 5577; x_wconf 90' lang='lat' dir='ltr'><strong>iussorem</strong></span> <span class='ocrx_word' id='word_1_435' title='bbox 410 5509 609 5596; x_wconf 86' lang='lat' dir='ltr'><strong>praedictum</strong></span> <span class='ocrx_word' id='word_1_436' title='bbox 634 5508 787 5597; x_wconf 86' lang='lat' dir='ltr'><strong>obligavit</strong></span> <span class='ocrx_word' id='word_1_437' title='bbox 811 5529 845 5576; x_wconf 90' lang='lat' dir='ltr'><strong>se</strong></span> <span class='ocrx_word' id='word_1_438' title='bbox 869 5510 1090 5576; x_wconf 87' lang='lat' dir='ltr'><strong>remissionem</strong></span> <span class='ocrx_word' id='word_1_439' title='bbox 1114 5511 1214 5598; x_wconf 89' lang='lat' dir='ltr'><strong>ipsam</strong></span> <span class='ocrx_word' id='word_1_440' title='bbox 1238 5516 1341 5579; x_wconf 87' lang='lat' dir='ltr'><strong>ratam</strong></span> <span class='ocrx_word' id='word_1_441' title='bbox 1367 5516 1514 5600; x_wconf 92' lang='lat' dir='ltr'><strong>tempore</strong></span> <span class='ocrx_word' id='word_1_442' title='bbox 1537 5512 1678 5601; x_wconf 88' lang='lat' dir='ltr'><strong>quolibet</strong></span> 
     </span>
    </p>
   </div>
   <div class='ocr_carea' id='block_1_7' title="bbox 0 0 2241 6306">
    <p class='ocr_par' dir='ltr' id='par_1_7' title="bbox 0 0 2241 6306">
     <span class='ocr_line' id='line_1_43' title="bbox 0 0 2241 6306; baseline 0 0"><span class='ocrx_word' id='word_1_443' title='bbox 0 0 2241 6306; x_wconf 95' lang='lat' dir='ltr'><strong> </strong></span> 
     </span>
    </p>
   </div>
  </div>
 </body>
</html>
