4460 6306
526 635 570 702 84
1054 655 1217 707 crovaxm
1242 661 1436 708 (61666666

521 873 575 957 qui
598 872 660 940 fuit
681 869 884 939 amalfitanus
910 873 950 939 de
973 880 1064 940 terra
1088 876 1286 960 pertinentes
1303 877 1401 963 ipsius
1421 877 1558 943 ecclesie
1573 880 1678 944 sancti
1701 879 1788 944 felici
1814 881 1970 963 quesitus

522 985 570 1046 est
593 983 626 1046 in
648 982 776 1046 vertice
799 982 916 1047 montis
940 981 1034 1046 huius
1058 981 1188 1048 cibitate
1212 983 1338 1050 Salerni
1355 989 1387 1048 et
1410 1004 1496 1049 nuno
1519 984 1647 1068 quidem
1672 985 1729 1053 sub
1754 986 1968 1051 dominatione

521 1093 553 1154 et
576 1093 733 1174 potestate
757 1091 855 1174 ipsius
879 1089 996 1154 domini
1021 1088 1155 1156 Abbatis
1178 1110 1249 1166 esse
1265 1090 1418 1157 videntur
1435 1097 1469 1157 et
1484 1099 1533 1158 est
1551 1100 1644 1158 terra
1659 1095 1728 1180 ipsa
1751 1094 1785 1158 16
1808 1093 1879 1158 1666
1903 1093 1969 1186 sepi

520 1195 636 1264 finibus
659 1197 806 1263 mitiliani
830 1192 936 1284 et'est
959 1197 991 1260 in
1008 1196 1094 1281 plaiu
1111 1197 1150 1261 de
1166 1203 1275 1262 monte
1290 1197 1402 1265 subtus
1419 1199 1557 1264 ecclesie
1582 1202 1684 1266 sancti
1708 1199 1857 1266 adiutori
1873 1201 1971 1286 ipsius

519 1313 632 1374 nostre
649 1306 785 1371 ecclesie
801 1305 1001 1389 pertinentes
1025 1324 1083 1390 per
1099 1304 1158 1370 hos
1174 1302 1255 1370 fines
1271 1310 1303 1370 et
1318 1307 1482 1372 mensuris
1506 1306 1545 1372 de
1569 1307 1679 1373 subtus
1701 1327 1721 1372 a
1745 1327 1822 1392 pars
1837 1307 1969 1373 orientis
2016 1299 2019 1304 ’

518 1415 582 1482 fine
605 1421 697 1481 terra
719 1433 792 1478 cum
816 1408 997 1497 vineaffi‘que
1021 1411 1081 1477 fuit
1105 1411 1326 1497 Wiselprandi
1352 1463 1402 1477 .....
1422 1419 1454 1479 et
1477 1414 1657 1500 appellatus
1680 1415 1720 1480 ad
1744 1415 1907 1488 entellum,
1928 1411 1968 1480 de

519 1525 583 1590 alia
606 1543 682 1610 pars
705 1519 769 1586 fine
792 1519 1013 1604 haqueductus
1036 1517 1077 1584 ad
1100 1520 1170 1604 ipsa
1193 1521 1331 1585 ecclesia
1355 1521 1385 1586 S.
1411 1521 1560 1587 Adiutori
1583 1522 1667 1606 quod
1701 1543 1723 1588 a
1744 1543 1821 1608 pars
1844 1526 1967 1608 septen-

518 1631 665 1701 trionalis
689 1636 721 1695 et
744 1627 907 1694 descernit
929 1646 950 1690 a
972 1623 1036 1690 fine
1060 1625 1099 1690 de
1124 1625 1236 1691 heredi
1261 1629 1344 1692 tauri
1368 1629 1555 1702 atrianensi,
1579 1628 1664 1713 quod
1691 1632 1759 1716 ipse
1787 1634 1912 1697 amatus
1935 1635 1966 1696 et

518 1743 570 1809 leo
593 1757 766 1827 germanus
790 1757 866 1802 suus
890 1733 1150 1821 pastenaberuut.
1177 1735 1266 1801 Unde
1290 1755 1350 1821 ego
1373 1736 1436 1801 iam
1461 1734 1681 1810 diffinitionem
1704 1737 1783 1804 fecit
1806 1738 1967 1822 cumipse

517 1849 656 1916 heredes
678 1846 763 1912 tauri
787 1863 883 1930 super
908 1846 999 1928 parte
1022 1839 1086 1907 fine
1109 1862 1202 1907 serra
1225 1843 1265 1908 de
1289 1843 1391 1928 ipsum
1414 1849 1522 1910 moute
1546 1846 1578 1909 in
1603 1864 1665 1929 quo
1680 1845 1827 1931 plagarie
1850 1843 1890 1910 de
1913 1865 1968 1930 pa·

517 1957 617 2024 lumbi
633 1952 803 2020 locandum
820 1957 868 2017 est
883 1952 1083 2036 pertinentes
1085 1998 1238 2016 ..............
1255 1956 1367 2017 nostre
1382 1951 1519 2018 ecclesie
1542 1953 1607 2017 alia
1629 1973 1768 2039 namque
1784 1957 1878 2048 parte
1901 1951 1965 2020 fine

518 2064 615 2132 rebus
638 2062 838 2150 pertinentes
861 2059 959 2144 ipsius
984 2061 1093 2124 nostre
1110 2057 1257 2131 ecclesie,
1282 2064 1315 2126 et
1337 2063 1386 2125 est
1408 2078 1467 2144 pro
1492 2079 1645 2126 mensura
1659 2065 1752 2127 terra
1768 2061 1838 2147 ipsa
1860 2061 1901 2127 de
1922 2060 1968 2126 la·
2031 2091 2033 2094 ·

516 2170 619 2240 titudo
641 2172 725 2236 insta
748 2165 811 2233 fine
827 2186 890 2251 que
905 2166 965 2231 luit
981 2166 1080 2252 ipsius
1097 2165 1317 2251 Wiselprandi
1341 2166 1383 2233 da
1405 2169 1474 2253 ipsa
1498 2168 1552 2233 via
1574 2173 1607 2235 ot
1631 2187 1731 2252 usque
1753 2167 1795 2234 ad
1817 2169 1888 2256 ipse
1903 2165 1967 2234 fine

515 2280 660 2370 predicte
684 2277 821 2344 ecclesie
844 2294 956 2360 passus
979 2274 1220 2359 quinquaginta,
1245 2279 1278 2340 et
1304 2293 1364 2360 per
1386 2274 1552 2361 longitudo
1584 2281 1739 2360 quantum
1763 2281 1814 2344 est
1835 2275 1877 2342 de
1898 2277 1968 2363 ipsa

515 2388 580 2455 flne
593 2382 815 2470 Wiselprandi
829 2380 975 2448 ascendit
977 2429 1095 2445 ...........
1120 2381 1153 2446 16
1176 2378 1240 2446 fine
1256 2380 1296 2446 de
1312 2382 1381 2467 ipsa
1401 2382 1548 2468 plagarie
1564 2388 1684 2458 nostra,
1702 2383 1765 2450 hec
1782 2403 1861 2450 vero
1877 2388 1968 2452 tarra
1984 2458 1988 2464 ⁵

462 2489 465 2496 '
515 2500 585 2586 ipsa
607 2493 746 2581 qualiter
768 2489 916 2575 superius
931 2485 1004 2554 finis
1019 2507 1096 2573 pars
1099 2535 1328 2553 .....................
1354 2488 1395 2556 de
1417 2489 1555 2557 latitudo
1579 2491 1614 2556 in
1637 2492 1724 2556 omni
1739 2491 1812 2557 loco
1828 2490 1869 2557 ad
1884 2491 1973 2558 iusto·

515 2625 611 2694 passu
640 2601 762 2668 homini
793 2601 1012 2663 mensuratum
1043 2599 1092 2660 est
1114 2599 1181 2660 tota
1204 2601 1237 2662 et
1259 2597 1388 2682 integra
1417 2617 1490 2663 curn
1513 2598 1575 2664 viis
1598 2603 1632 2666 et
1654 2598 1720 2664 suis
1753 2617 1826 2664 cum
1858 2599 1966 2664 omnia

514 2715 600 2780 intro
622 2729 657 2776 66
679 2705 872 2774 habentibus
895 2703 998 2770 eidem
1015 2703 1122 2770 Amati
1136 2702 1267 2768 tradidit
1289 2703 1328 2770 ad
1354 2704 1528 2770 tenendum
1552 2709 1585 2770 et
1609 2704 1837 2771 dominandum
1862 2711 1894 2772 et
1917 2725 1968 2772 ar·

513 2819 694 2887 horandum
717 2820 749 2880 et
771 2811 1003 2900 pastenaudum
1019 2813 1219 2895 sceptuatum
1242 2811 1310 2895 ipse
1331 2811 1475 2896 plagaris
1498 2812 1586 2878 etde
1606 2818 1760 2896 quantum
1783 2811 1858 2880 inde
1881 2813 1969 2880 infra

514 2931 584 3014 ipsa
606 2929 669 2992 tria
670 2972 799 2992 ............
825 2922 865 2988 ad
890 2919 1121 3007 pasteuandum
1145 2921 1244 3004 ipsius
1267 2919 1352 2985 leoni
1379 2922 1526 3006 germani
1551 2922 1619 2986 eius
1636 2941 1709 2987 curn
1732 2920 1773 2986 de
1797 2923 1865 3007 ipso
1888 2923 1968 2988 aliut

435 3089 437 3101 .
514 3057 574 3123 per
595 3037 665 3121 ipsa
687 3051 839 3098 mensura
861 3028 978 3094 exinde
1001 3026 1132 3100 tradidit
1155 3047 1214 3112 per
1237 3025 1444 3106 absolutione
1468 3029 1567 3114 ipsius
1590 3027 1710 3096 domini
1733 3029 1860 3095 abbatis
1882 3030 1968 3096 unde

514 3163 598 3209 vona
620 3140 854 3208 combenientia
878 3157 942 3203 una
965 3137 1081 3202 charta
1112 3135 1209 3200 michi
1234 3135 1330 3207 dedit,
1367 3137 1435 3221 ipse
1467 3142 1591 3203 amatus
1615 3143 1648 3203 et
1671 3137 1865 3204 mediatores
1888 3138 1967 3203 mihi

515 3253 619 3339 posuit
642 3270 677 3316 se
700 3251 803 3335 ipsum
834 3252 866 3312 et
896 3265 956 3330 per
986 3242 1131 3309 eamdem
1163 3243 1270 3310 wadia
1299 3243 1456 3329 obligabit
1485 3265 1520 3310 66
1549 3250 1582 3310 et
1613 3247 1678 3311 suis
1705 3244 1881 3311 heredibus
1910 3246 1966 3312 tali

515 3359 653 3425 hordine
679 3356 827 3422 videlicet
848 3374 868 3417 a
891 3353 982 3418 modo
1007 3357 1038 3417 et
1060 3371 1161 3436 usque
1183 3352 1323 3416 sedecim
1346 3353 1422 3416 anni
1439 3354 1591 3437 completi
1608 3353 1663 3418 ille
1681 3355 1818 3420 Amatus
1842 3359 1875 3420 et
1898 3355 1965 3420 eius

516 3466 654 3532 heredes
677 3484 732 3531 eos
753 3468 867 3528 tenere
891 3466 924 3525 et
946 3459 1112 3525 dominare
1135 3463 1167 3524 et
1191 3460 1273 3526 iusta
1288 3509 1361 3523 .......
1387 3465 1419 3524 et
1441 3461 1527 3525 omui
1550 3479 1609 3526 sua
1624 3461 1761 3526 utilitate
1779 3460 1895 3527 ibidem
1917 3460 1964 3526 fa·

516 3594 592 3640 cere
607 3573 727 3658 absque
743 3569 936 3634 damnietate
960 3567 998 3632 de
1017 3568 1085 3652 ipse
1101 3566 1245 3652 plagaris
1262 3572 1295 3633 et
1310 3566 1348 3631 de
1364 3573 1482 3650 quanto
1499 3569 1640 3652 potuerit
1655 3566 1772 3632 ibidem
1790 3573 1963 3654 pastenare

511 3684 553 3749 ad
575 3681 709 3748 arbores
732 3684 764 3746 et
786 3679 914 3743 vineam
937 3675 1104 3740 adcerbitu
1127 3679 1159 3739 et
1181 3676 1370 3738 insertetum
1393 3674 1432 3738 de
1457 3679 1609 3740 castaneo
1640 3674 1756 3740 ibidem
1789 3673 1900 3740 iacere
1924 3679 1957 3740 et

513 3809 640 3856 omnem
663 3789 790 3873 frugem
814 3785 853 3849 de
876 3783 1010 3849 arbores
1033 3788 1065 3847 et
1088 3783 1199 3846 vinum
1222 3786 1254 3846 et
1277 3782 1377 3866 pomis
1400 3782 1484 3866 quod
1508 3802 1609 3866 usque
1632 3788 1705 3847 octo
1728 3784 1823 3849 annis
1845 3781 1962 3848 ibidem

514 3898 631 3964 fecerit
655 3895 775 3961 nullam
800 3893 955 3957 rationem
979 3889 1096 3954 exinde
1120 3908 1163 3954 ex
1184 3890 1231 3954 eis
1255 3889 1371 3955 tollere
1402 3909 1575 3972 queramus
1599 3909 1658 3975 pro
1681 3909 1757 3974 pars
1787 3890 1886 3974 ipsius
1910 3909 1964 3955 ec-

514 4006 613 4072 clesie
640 4009 763 4069 tantum
786 4002 828 4066 de
850 4003 1004 4083 quantum
1034 4017 1098 4061 non
1130 3996 1228 4062 tuerit
1259 4003 1459 4082 pastenatum
1483 4001 1515 4061 et
1539 3999 1731 4063 insertetum
1756 4002 1788 4062 et
1812 3997 1896 4082 quod
1920 3995 1963 4061 ibi

514 4111 749 4180 seminaberitis
772 4109 814 4174 ibi
837 4127 901 4172 non
930 4105 1107 4172 habueritis
1143 4110 1343 4192 pastenatum
1368 4111 1400 4170 et
1423 4107 1612 4170 insertetum
1637 4104 1677 4169 de
1701 4104 1813 4170 eodem
1846 4104 1964 4170 exinde

509 4217 715 4305 inpartibus
740 4221 849 4283 nostre
873 4214 1010 4280 ecclesie
1013 4259 1164 4276 ..............
1189 4211 1364 4294 secundum
1396 4212 1659 4279 consuetudinem
1682 4211 1722 4277 de
1745 4213 1814 4298 ipso
1848 4211 1964 4286 locum,

513 4328 554 4393 da
576 4328 635 4412 ipsi
659 4339 731 4393 octo
755 4343 839 4389 anno
863 4323 895 4387 ln
919 4325 1015 4387 antea
1018 4369 1127 4384 ..........
1153 4323 1188 4386 ut
1211 4319 1427 4404 compleamus
1451 4319 1614 4384 sexdecim
1643 4321 1719 4384 anni
1744 4318 1785 4384 da
1809 4325 1963 4404 quantum

514 4437 624 4500 vinum
648 4439 681 4499 et
703 4432 794 4518 ponis
818 4436 850 4494 et
872 4430 912 4494 de
914 4475 1031 4494 ...........
1057 4427 1198 4492 frudium
1230 4426 1347 4492 exinde
1372 4427 1483 4493 tulerit
1486 4477 1595 4490 ..........
1619 4441 1747 4492 omnem
1778 4447 1901 4493 annum
1924 4427 1964 4493 de

513 4548 610 4608 antea
633 4539 752 4606 exinde
774 4537 889 4602 ibidem
913 4540 945 4601 in
970 4534 1114 4620 partibus
1137 4536 1235 4620 ipsius
1259 4534 1395 4599 ecclesie
1420 4540 1567 4618 quartam
1592 4553 1667 4618 pars
1669 4583 1879 4598 ..................
1905 4534 1963 4600 sibi

514 4650 654 4716 habeant
685 4644 802 4713 exinde
825 4649 893 4711 tres
916 4645 1011 4708 sortis
1034 4641 1075 4707 ad
1098 4640 1247 4725 completi
1272 4661 1350 4706 vero
1383 4643 1442 4726 ipsi
1475 4641 1612 4706 sedecim
1646 4641 1722 4706 anni
1747 4640 1786 4706 de
1809 4646 1962 4725 quantum

513 4757 577 4822 illis
601 4755 718 4821 ibidem
721 4802 816 4818 .........
842 4759 875 4818 et
897 4753 993 4816 vinea
1016 4748 1214 4816 adcerbitum
1239 4754 1272 4814 et
1294 4751 1483 4814 insertetum
1509 4749 1561 4812 vel
1589 4748 1755 4842 pomiferis
1786 4748 1907 4814 factum
1931 4754 1964 4814 et

513 4869 680 4950 operatum
683 4909 822 4925 .............
848 4860 881 4923 16
905 4859 972 4943 ipsc
996 4857 1102 4921 locum
1126 4857 1304 4921 meruerint
1327 4855 1430 4920 factos
1454 4854 1572 4920 exinde
1596 4856 1667 4920 iure
1684 4875 1760 4940 pars
1777 4861 1890 4921 nostra
1913 4877 1963 4921 su-

513 4969 660 5056 pradicto
683 4967 820 5032 ecclesie
844 4966 976 5048 eiusque
1002 4967 1145 5027 rectores
1169 4966 1200 5026 et
1225 4961 1287 5025 illis
1311 4982 1366 5026 eos
1390 4960 1534 5026 dibidere
1558 4981 1618 5047 per
1641 4963 1781 5027 medium
1785 5011 1961 5026 ................

513 5079 543 5141 61
566 5075 710 5142 dedimus
733 5080 766 5139 et
788 5071 944 5140 tradimus
968 5077 1000 5135 et
1020 5066 1246 5134 confirmamus
1263 5069 1291 5133 ei
1309 5055 1513 5152 eiusdemque
1530 5068 1705 5134 heredibus
1722 5066 1841 5134 exinde
1857 5067 1961 5134 medie

513 5203 590 5270 pars
613 5202 686 5247 cum
709 5183 774 5246 suis
790 5177 922 5244 edificiis
946 5182 979 5243 et
1001 5197 1073 5242 cum
1097 5177 1168 5240 vice
1192 5175 1231 5240 de
1254 5174 1306 5239 bia
1330 5194 1388 5240 sua
1412 5194 1469 5259 pro
1486 5171 1580 5239 firma
1595 5177 1770 5240 securitate
1786 5175 1961 5242 secundum

513 5291 618 5376 legem
651 5287 791 5373 qualiter
813 5287 868 5352 ille
892 5292 925 5351 et
949 5287 1017 5351 eius
1039 5282 1178 5348 heredes
1202 5284 1270 5367 ipsa
1292 5301 1350 5347 sua
1373 5282 1497 5346 scilicet
1527 5300 1604 5365 pars
1634 5280 1755 5347 habeas
1785 5283 1869 5347 omni
1893 5283 1962 5348 eius

513 5401 669 5482 potestate
692 5400 796 5460 sortes
819 5394 858 5460 de
882 5413 957 5478 pars
981 5392 1079 5478 ipsius
1103 5389 1239 5454 ecclesie
1264 5389 1395 5472 eiusque
1420 5388 1600 5454 rectoribus
1624 5388 1664 5454 da
1688 5409 1799 5456 omnes
1814 5389 1960 5454 homines

513 5504 539 5570 si
563 5503 687 5570 reditus
710 5507 743 5568 et
766 5502 962 5589 pulmentum
979 5497 1062 5585 quod
1077 5497 1120 5562 ibi
1137 5495 1311 5562 habuerint
1326 5497 1352 5561 si
1369 5495 1539 5563 ebenerint
1563 5497 1595 5560 in
1618 5497 1687 5583 ipsa
1701 5497 1844 5562 sortione
1862 5497 1962 5583 ipsius
