4460 6306
638 621 679 672 66
704 623 951 673 consumunmt
975 612 1118 671 6666166,
1142 623 1179 670 u1
1203 621 1354 670 stupeno
1677 595 1721 666 33

272 850 430 916 rentum
447 863 611 916 suorum
627 839 687 915 ccl
704 838 842 915 iudicis
861 839 930 940 qui
957 839 1001 915 in
1028 839 1156 916 locum
1172 839 1307 943 suerit,
1326 836 1550 914 violentiam
1573 859 1612 911 se
1634 836 1722 937 pati

269 1007 350 1061 non
377 983 751 1072 reclamaveritnisi
768 983 964 1059 uoluntate
991 1005 1065 1058 sua
1092 983 1195 1082 ipsos
1223 1004 1285 1056 res
1313 1004 1352 1056 se
1380 977 1526 1056 dicerit
1552 1003 1714 1055 uenum-

272 1127 365 1204 1666
368 1185 431 1204 .....
470 1121 546 1221 ¹›;
580 1150 645 1204 ma
681 1125 868 1204 enzitutto
905 1130 927 1203 6
965 1149 989 1204 6
1025 1123 1274 1227 considerare
1307 1124 1397 1216 ohe,
1437 1121 1540 1202 66116
1572 1121 1719 1226 specie,

273 1295 351 1349 nou
388 1270 420 1348 si
457 1273 629 1347 trattove
664 1267 703 1346 di
737 1268 890 1346 66611116
930 1265 1614 1346 1161661111Ρ661161161166116116
1650 1289 1721 1343 666

273 1418 422 1518 quarto,
443 1412 598 1490 sibbone
627 1411 665 1490 di
692 1435 770 1490 666
797 1411 978 1515 semplice
998 1409 1253 1503 fideIussioue,
1283 1435 1303 1486 6
1332 1415 1578 1512 quantunque
1597 1431 1719 1488 66666

274 1562 408 1662 questo
426 1562 579 1659 potesse
599 1555 740 1634 sortire
758 1553 917 1633 l'effetto
947 1555 984 1632 di
1011 1579 1088 1632 666
1107 1553 1259 1657 perdita
1278 1552 1461 1656 possibile
1481 1551 1542 1631 del
1561 1551 1720 1656 proprio

274 1699 521 1805 patrimonio,
551 1723 703 1802 sempre
740 1722 819 1776 nou
847 1697 879 1776 si
908 1699 1072 1784 6666116
1089 1745 1094 1753 ·
1110 1695 1212 1774 66116
1250 1695 1389 1800 ipotesi
1425 1695 1602 1774 161166616
1640 1695 1719 1774 del-

274 1840 880 1945 11111116.Ρ66ὸ,ρ66661,16136
904 1840 995 1943 ogni
1025 1839 1165 1918 dubbio
1195 1839 1221 1916 il
1250 1839 1346 1918 16116
1375 1837 1721 1931 6166Ρ66116116116,

274 2012 295 2064 6
322 2011 393 2090 per
420 1983 560 2064 666611
588 1984 732 2078 661616,
753 2008 831 2062 666
859 1983 891 2061 si
920 1982 1080 2062 riferiva
1107 1982 1157 2060 od
1185 1981 1287 2060 61166
1307 1982 1410 2060 fuori
1434 1979 1598 2059 61666116
1617 1981 1723 2085 Ioggi

274 2154 446 2222 romano,
476 2129 515 2208 in
543 2128 655 2232 guise
672 2126 859 2231 esplicitu.
885 2153 905 2199 ‹
927 2125 1193 2216 Remmiam,
1213 2150 1303 2203 eum
1329 2124 1472 2202 eisdem
1497 2126 1722 2204 auctoritate

275 2283 310 2350 et
338 2271 499 2366 decreto,
529 2269 732 2370 Vellcyano
761 2280 796 2346 et
823 2271 1038 2370 specialiter
1067 2269 1170 2346 iuris
1189 2270 1503 2346 outtemtcorum
1532 2314 1546 2326 ·
1578 2265 1623 2346 st
1645 2293 1725 2372 qua

276 2416 417 2494 mulier
448 2439 562 2516 -per
599 2439 719 2516 quam
754 2414 938 2489 mulieres
978 2423 1184 2490 teneantur
1230 2413 1448 2490 accedentes
1485 2411 1612 2489 taliter
1647 2436 1724 2514 pro

276 2561 428 2636 moritis
446 2583 595 2649 eorum,
615 2568 650 2634 et
669 2557 777 2634 omni
795 2556 926 2661 lepum
945 2557 1108 2648 auxilio,
1128 2558 1337 2634 certiorato
1354 2579 1394 2632 se
1409 2579 1524 2658 posse
1551 2555 1724 2634 eiusdem

278 2701 475 2804 Vellepani
503 2713 538 2780 et
565 2703 666 2778 iuris
702 2701 851 2777 auxilio
890 2699 1131 2776 adiuuari.»
1167 2701 1260 2794 Ora,
1290 2726 1327 2784 6,
1341 2699 1589 2804 proscindere
1624 2699 1726 2779 delle

278 2871 418 2926 666666
449 2843 630 2950 generale
666 2841 1028 2924 66661166610611.
1058 2842 1302 2922 6611611111.
1331 2842 1396 2921 Aol
1425 2843 1498 2922 SS.
1535 2841 1608 2920 CC.
1638 2841 1723 2922 Vel-

278 2991 451 3067 uouum
477 2985 506 3082 ²,
535 2989 572 3065 v’
588 2989 640 3067 66
667 2988 728 3066 ua
762 2987 798 3065 te
828 2984 1059 3065 66666666
1087 2986 1126 3064 u
1154 2987 1254 3065 uov.
1287 2987 1363 3066 134
1400 2986 1438 3064 6
1466 2985 1723 3082 uiusuntano,

278 3159 361 3237 cap.
378 3134 475 3210 VIII
495 3131 663 3236 [riferitu
681 3131 744 3209 661
765 3129 859 3209 Ood.
877 3135 979 3209 sotto
1001 3129 1027 3207 il
1046 3130 1104 3207 tit.
1120 3153 1238 3233 sopra
1257 3135 1420 3208 6666616
1441 3129 1500 3209 del
1521 3131 1558 3209 S.
1576 3130 1619 3210 O.
1636 3130 1726 3210 Vel-

276 3277 403 3356 161666
422 3273 451 3380 ³]
480 3277 550 3355 cho
571 3280 876 3379 espressamonto
896 3274 1080 3353 sunoivu:
1109 3301 1127 3346 ‹
1149 3273 1201 3350 Et
1228 3274 1327 3352 illucl
1345 3299 1435 3370 uero
1457 3274 1727 3376 praevidimus

272 3444 350 3522 pro
377 3420 634 3498 subiectorum
661 3419 823 3496 utilitate
851 3419 1058 3523 corripere,
1087 3427 1133 3494 ut
1162 3442 1196 3496 s1
1217 3442 1294 3504 oue
1319 3442 1473 3497 666666
1503 3417 1638 3496 crediti
1665 3421 1727 3496 in-

279 3575 490 3640 strumento
510 3564 721 3641 consentiat
740 3564 824 3639 ciro
844 3572 912 3638 aut
931 3562 1071 3639 scribat
1100 3573 1145 3638 et·
1156 3563 1365 3664 propriam
1383 3561 1638 3640 substantiam
1661 3574 1728 3639 aut

279 3731 319 3784 sc
346 3709 473 3808 ipsum
499 3706 728 3811 callipotam
754 3707 898 3811 faciat:
918 3704 1093 3782 iubemus
1112 3705 1338 3782 nullatenus
1356 3705 1581 3784 huiusmodi
1599 3707 1729 3784 ualere

279 3862 347 3927 out
366 3862 505 3942 tenere,
526 3852 603 3926 sice
623 3849 749 3940 semel,
768 3851 847 3925 sice
866 3850 1058 3925 multoties
1081 3848 1308 3926 huiusmodi
1325 3847 1478 3950 aliquid
1498 3873 1575 3950 pro
1597 3850 1731 3926 ecdem

171 4082 174 4088 ¹
278 4019 323 4069 re
349 3995 441 4098 fiat:
460 3995 539 4070 sice
562 3995 765 4093 privatum
783 3995 862 4068 sice
883 3991 1086 4093 publicum
1112 3992 1162 4068 sit
1191 3989 1382 4069 delitum:
1401 3991 1469 4070 secl
1496 3994 1552 4069 ito
1575 4016 1655 4070 esse
1683 4017 1728 4070 uc

279 4138 467 4239 sineque
495 4138 684 4238 scriptum
710 4146 830 4212 esset:
859 4137 938 4211 nisi
964 4136 1170 4239 manifeste
1197 4135 1385 4236 probetur
1414 4137 1509 4239 quio
1538 4137 1730 4238 pecuniae

280 4281 324 4356 iu
345 4280 553 4381 propriam
580 4280 702 4380 ipsius
730 4278 905 4356 mulieris
933 4278 1141 4354 utilitatem
1168 4302 1360 4379 appensae
1387 4279 1487 4356 sit.»

364 4421 476 4501 Nello
503 4421 629 4526 specie
657 4421 863 4499 trettovosi
882 4419 1042 4525 proprio
1064 4419 1242 4499 d'ossersi
1264 4393 1506 4500 Pandultolla
1534 4422 1730 4526 obbligeta

280 4564 344 4669 pel
372 4565 525 4659 martto,
555 4590 575 4642 6
605 4562 735 4668 quindi
762 4563 801 4641 16
830 4562 1096 4666 obbligationc
1117 4564 1278 4642 sorebbo
1298 4567 1399 4642 61616
1417 4564 1535 4660 66116,
1555 4571 1726 4669 eppuuto

282 4708 425 4811 perche
454 4734 531 4786 666
560 4709 727 4785 61661116
747 4711 883 4810 potuta
903 4705 1097 4809 provarsi,
1120 4706 1190 4783 ohe
1215 4704 1241 4784 il
1271 4706 1416 4785 danuro
1446 4708 1600 4786 61166116
1630 4707 1732 4787 116116

366 4955 374 4992 ¹
394 4956 459 5010 Duc.
479 4955 576 5010 dell'e.
600 4953 712 5009 130511.
731 4953 783 5009 XII
803 4954 872 5024 App.
892 4953 932 5008 ct.
953 4953 1048 5023 Luitp.
1067 4951 1166 5007 XVIII.

364 5040 462 5098 ι(166.
482 5047 527 5099 Ac
548 5045 574 5098 S.
596 5045 623 5098 S.
645 5044 828 5109 Venetorum,
848 5041 894 5107 IV,
913 5042 1019 5097 XXIX:
1038 5043 1112 5096 «De
1129 5044 1255 5098 solvente
1272 5061 1326 5115 pro
1344 5045 1433 5102 alic»
1454 5044 1463 5099 1
1482 5045 1551 5116 Imp.
1564 5045 1733 5103 Autumnus

285 5135 318 5188 Α.
338 5132 470 5188 Lucillee.
489 5134 691 5187 «Melioribus
707 5134 852 5202 [quidem]
866 5148 938 5202 quoe
958 5132 1081 5185 elicitam
1101 5133 1299 5202 oblipan'onem
1310 5135 1533 5205 suscipientem
1551 5138 1581 5190 in
1599 5151 1630 5191 se
1644 5145 1733 5191 16666-

282 5237 300 5274 ‹
314 5225 417 5294 serunt,
435 5225 461 5275 si
479 5224 508 5276 id
527 5223 717 5276 contrahentes
735 5237 792 5275 non
811 5223 948 5290 iquorem,
966 5229 1078 5274 seruatus
1104 5223 1230 5276 consulto
1255 5225 1437 5277 subuenitur:
1458 5225 1515 5280 Sed
1538 5228 1564 5279 si
1577 5241 1633 5296 pro
1658 5226 1733 5292 attis,

284 5325 379 5368 «cum
397 5314 536 5381 oblipctoe
553 5328 609 5366 non
628 5320 726 5376 essent,
743 5313 893 5381 pecuniam
912 5312 1100 5364 exsolverint:
1121 5315 1318 5366 intercessione
1344 5322 1476 5380 cessante,
1496 5316 1624 5386 repetitio
1650 5315 1735 5369 nulle

286 5401 468 5457 «6666016.
487 5401 519 5454 fr.
540 5401 558 5455 5
577 5399 641 5454 ibid.
660 5401 732 5454 «De
751 5403 852 5452 marito
870 5416 917 5453 res
936 5402 1033 5452 uxoris
1053 5403 1296 5470 oppipnorcntc.»

366 5487 378 5525 ³
397 5489 462 5545 Coo.
483 5492 528 5545 Ac
548 5491 574 5544 S.
597 5492 624 5544 t'.
646 5490 828 5554 Velleionum
847 5487 894 5555 tv,
913 5487 1049 5543 xxm«
1064 5489 1104 5544 De
1122 5490 1253 5558 muliere,
1272 5506 1325 5561 que
1342 5493 1459 5562 proprie
1481 5495 1542 5546 viro
1557 5495 1735 5550 coessentia»

1597 5603 1615 5655 3
