4460 6306
624 694 667 740 Lu
690 693 936 742 CONSUETUDINI
963 693 1101 739 Inuurrn
1126 692 1161 739 Dl
1185 693 1336 740 sanando
1663 673 1708 739 59

1498 791 1711 798 ...—-—..-—-

262 908 345 976 tibns
369 910 588 995 suprascripte
612 911 750 975 ecclesie
773 910 886 996 viginti
910 909 981 974 auri
1013 909 1129 974 solidos
1160 910 1277 994 regios,
1303 913 1335 975 et
1358 911 1577 997 suprascripta
1607 909 1710 976 adim-

263 1016 363 1102 plere.
389 1016 481 1092 Quod
504 1022 611 1082 autem
634 1020 721 1084 inter
743 1019 887 1104 virgulas
910 1021 1065 1102 scriptum
1090 1023 1146 1088 est.
1172 1018 1292 1103 legitur
1307 1037 1390 1102 pene
1412 1021 1545 1084 tarenos
1562 1023 1709 1103 quatuor.

264 1125 306 1188 Et
326 1124 436 1190 taliter
458 1125 516 1192 tibi
539 1132 632 1211 petro
655 1127 782 1191 notario
814 1125 958 1192 scribere
990 1126 1130 1211 precepi.
1155 1125 1185 1212 †
1208 1126 1277 1211 Ego
1309 1127 1362 1209 qui
1394 1145 1492 1210 supra
1515 1126 1708 1192 Ademarius

264 1231 375 1297 Iudex.

349 1337 570 1426 [Pergamena
585 1340 626 1405 da
641 1361 692 1405 me
709 1340 826 1406 donata
841 1341 906 1405 alla
931 1341 1003 1408 Soc.
1030 1341 1065 1406 di
1091 1339 1204 1407 Scurio
1227 1341 1350 1405 Patrae
1374 1339 1635 1424 Napoteraaa,e
1658 1342 1712 1407 fra

264 1447 296 1512 le
320 1451 411 1512 carte
433 1467 615 1512 normanna
639 1447 724 1512 della
747 1448 875 1514 Societa
898 1451 1098 1520 conservata,
1124 1446 1316 1512 nell’ordine
1340 1445 1572 1534 monologion}

962 1772 1022 1836 ΙΙΙ.

351 1985 390 2050 In
414 1985 543 2048 nomino
567 1984 622 2049 dni
645 1984 695 2050 dei
719 1986 844 2050 aeterni
868 1990 900 2050 et
924 1985 1102 2051 Salvatoris
1132 1986 1234 2052 nostri
1265 1985 1362 2050 ihesu
1392 1985 1521 2052 Christi.
1547 1987 1642 2051 Anno
1673 1986 1713 2053 ab
1768 1969 1771 1976 ¹

265 2093 486 2158 incarnatione
510 2094 578 2161 eius
608 2092 775 2157 millesimo
805 2092 1025 2158 ducentesimo
1057 2095 1258 2178 sexagesimo
1290 2113 1383 2157 nono.
1418 2097 1450 2158 et
1478 2099 1592 2177 quarto
1623 2113 1710 2159 anno

266 2201 360 2285 regni
383 2200 437 2265 dni
462 2201 563 2265 nostri
582 2200 706 2274 Kamul,
724 2200 945 2285 gloriosissimi
963 2201 1049 2285 regis
1065 2201 1158 2266 eto...'.
1178 2221 1287 2265 mense
1311 2201 1422 2286 aprilis
1443 2203 1520 2268 XII.
1538 2201 1607 2268 Ind.
1625 2203 1712 2267 Ante

266 2327 316 2372 me
342 2307 505 2382 Nicolaum
531 2307 570 2372 de
596 2308 734 2372 Paleara
750 2307 877 2377 Iudicis,
895 2308 1119 2392 praesentibus
1134 2308 1248 2394 Sergio
1266 2309 1318 2392 qui
1345 2307 1465 2376 dicitur
1486 2309 1712 2395 Capograssus‚

268 2415 432 2482 Gualterio
446 2417 498 2499 qui
516 2414 632 2480 dicitur
649 2414 851 2482 biarchisiua
878 2415 987 2481 Iudice
1006 2419 1127 2481 Ioanne
1145 2415 1293 2486 castella,
1312 2416 1481 2480 Bernardo
1505 2416 1545 2482 de
1562 2417 1712 2488 vallone.

268 2529 298 2588 et
322 2524 444 2586 Ioanne
468 2523 589 2607 Sapere
613 2523 741 2607 puplico
772 2522 900 2588 Salerni
924 2524 1059 2595 notario,
1092 2523 1226 2589 testibus
1257 2522 1494 2588 subscribendis
1526 2529 1558 2588 et
1580 2523 1620 2588 ad
1651 2524 1715 2589 hoc

267 2631 449 2715 specialiter
474 2631 601 2714 rogatis.
628 2629 720 2694 Stant
743 2629 936 2715 Dopnandus
960 2630 1136 2695 monachus
1152 2631 1300 2695 cavensis
1316 2632 1514 2702 monasterii,
1540 2631 1621 2714 quod
1640 2651 1713 2696 con·

267 2741 422 2802 structum
447 2741 496 2804 est
518 2737 597 2801 soris
621 2736 705 2801 hano
730 2735 966 2802 Salernitanam
990 2738 1153 2802 civitatem
1169 2739 1201 2802 in
1218 2738 1289 2803 loco
1313 2739 1469 2810 mitiliani,
1495 2740 1528 2803 in
1551 2759 1613 2823 quo
1630 2738 1712 2804 dnus

267 2845 331 2910 Leo
356 2846 413 2910 Dei
437 2845 543 2929 gratia
573 2843 767 2908 venerabilis
798 2863 837 2908 ac
869 2845 1037 2930 religiosus
1069 2844 1177 2911 Abbas
1209 2825 1326 2931 preest,
1360 2865 1399 2910 ac
1424 2847 1521 2910 Prior
1545 2847 1712 2913 Ecclesiae

267 2952 297 3018 S.
322 2952 446 3017 Mariae
464 2951 511 3015 'dc
537 2952 646 3035 Dopnc
671 2950 710 3016 de
726 2951 870 3024 Salerno,
888 2971 972 3035 quae
989 2972 1062 3016 cum
1078 2952 1224 3018 omnibus
1242 2953 1339 3019 rebus
1362 2954 1427 3019 suis
1443 2955 1502 3039 ipsi
1518 2956 1713 3020 monasterio

264 3059 404 3144 pertinet
427 3063 459 3122 et
482 3058 627 3124 subiecta
651 3063 707 3131 est,
734 3079 792 3143 pro
817 3064 909 3142 parte
933 3060 1031 3143 ipsius
1054 3060 1241 3126 monasterii
1266 3080 1308 3125 ex
1327 3079 1392 3125 una
1415 3067 1516 3146 parte.
1534 3062 1576 3128 Et
1601 3060 1710 3127 Laudo

265 3168 461 3253 Trapperius
484 3164 567 3232 iilius
591 3165 749 3259 quondam
775 3167 913 3238 loannis,
938 3169 991 3251 qui
1015 3167 1117 3232 dictus
1143 3171 1191 3233 est
1209 3169 1354 3240 Pisanus,
1380 3188 1438 3252 pro
1462 3173 1555 3253 parte
1579 3170 1711 3256 Marga-

267 3276 349 3340 ritae
372 3275 467 3340 uxori
491 3293 567 3338 suae
592 3278 624 3337 et
645 3273 788 3338 Iulianae
813 3281 969 3359 cognatae
993 3294 1079 3348 suae,
1102 3295 1215 3340 servus
1239 3274 1380 3358 eiusdem
1404 3276 1613 3361 Margaritae,
1630 3296 1712 3362 quae

266 3387 314 3448 est
337 3401 421 3447 uxor
446 3381 686 3445 Bartholomaei
712 3381 871 3464 quondam
898 3383 1026 3446 loannis
1049 3381 1089 3445 de
1115 3382 1373 3456 Bartholomaeo
1391 3401 1430 3447 ac
1453 3381 1594 3447 filiarum
1610 3403 1713 3468 quou-

267 3489 338 3554 dam
371 3489 460 3554 Petri
490 3489 701 3575 Francipane.
730 3507 772 3553 ex
804 3493 895 3574 parte
926 3489 1040 3554 altera.
1074 3489 1242 3556 Coniuncti
1274 3496 1349 3555 sunt
1379 3490 1419 3554 ad
1449 3489 1712 3556 subscribendam

267 3596 534 3682 permutationem
559 3595 753 3660 faciendam.
779 3597 821 3660 Et
845 3597 911 3680 ipse
944 3597 1040 3660 Prior
1062 3597 1210 3668 asseruit,
1236 3596 1400 3680 praedicto
1424 3599 1620 3662 monasterio
1642 3618 1715 3684 per·

266 3706 371 3769 tinere
394 3705 479 3768 intus
503 3703 589 3767 hanc
613 3702 848 3767 salernitanam
871 3704 1032 3768 civitatem
1057 3704 1089 3767 in
1114 3709 1205 3768 curte
1226 3705 1415 3788 Dopnicaa
1438 3725 1535 3791 super
1558 3711 1591 3772 et
1613 3725 1714 3791 prope

267 3811 436 3877 ecclesiam
461 3811 598 3876 Sanctae
622 3811 747 3874 Mariae
771 3809 810 3874 de
835 3811 938 3880 Mare,
965 3812 1124 3896 integram
1155 3815 1278 3875 terram
1302 3832 1373 3876 cum
1398 3831 1474 3877 casa
1496 3812 1624 3886 fabrita,
1649 3833 1714 3878 unc

267 3919 386 3984 solario
416 3918 558 3983 solerato
590 3938 660 3982 cum
695 3919 863 3983 caminatis
893 3919 952 4002 ipsi
984 3918 1101 3982 solario
1138 3917 1357 3983 adiacentibus
1387 3920 1421 3983 in
1452 3924 1544 4004 parte
1567 3921 1711 3995 orientis,

268 4032 395 4095 etcum
419 4025 483 4090 alia
514 4025 706 4091 camminata
738 4030 769 4089 et
800 4025 928 4089 olibano
956 4045 1053 4111 super
1081 4025 1289 4090 meridianam
1321 4027 1545 4091 camminatam
1570 4027 1712 4093 eiusdem

268 4135 385 4200 solario
409 4137 594 4199 constructo
618 4137 650 4197 et
673 4132 760 4197 scala
790 4132 905 4217 lignea.
934 4135 1025 4198 intra
1047 4138 1154 4199 autem
1178 4152 1284 4198 oasam
1308 4133 1520 4198 meridianam
1543 4134 1711 4199 catodeum

268 4247 397 4328 puteum
421 4245 641 4306 constructum
677 4245 733 4304 est.
771 4239 861 4312 Quae
893 4240 1044 4305 videlicet
1066 4247 1157 4305 terra
1181 4260 1253 4305 cum
1282 4260 1357 4305 casa
1379 4261 1399 4305 a
1422 4247 1515 4326 parte
1539 4241 1715 4308 occidentis

268 4349 406 4436 plateam
430 4366 512 4431 quae
537 4347 623 4413 ducit
645 4367 704 4431 per
728 4347 828 4430 ipsam
853 4353 978 4412 curtem
997 4349 1181 4432 Dopnicam,
1201 4348 1291 4414 iuxta
1314 4367 1409 4432 quam
1426 4349 1508 4415 ostia
1530 4353 1595 4413 tam
1620 4368 1714 4433 prae·
1791 4373 1795 4381 ·

268 4455 343 4521 dicti
367 4453 490 4519 catodei
514 4453 597 4537 quod
622 4452 779 4518 stabulum
812 4457 860 4517 est
884 4453 1025 4536 eiusdem
1058 4453 1182 4518 catodei
1213 4459 1295 4520 sunt.
1322 4456 1351 4519 A
1374 4459 1466 4540 parte
1497 4455 1645 4521 meridiei
1675 4456 1715 4521 ad

269 4582 321 4628 res
345 4561 529 4627 monasterii
555 4561 585 4626 S.
611 4560 781 4642 Leonardi,
807 4566 838 4625 et
861 4561 1048 4646 apartibus
1072 4563 1249 4628 occidentis
1273 4567 1305 4626 et
1321 4562 1548 4647 septentrionis
1571 4562 1611 4627 ad
1634 4559 1716 4628 flues

267 4670 403 4735 aliorum
427 4668 583 4733 bonorum
608 4674 665 4733 est.
700 4666 802 4741 Quam
834 4668 909 4732 olim
939 4669 1077 4733 locatam
1110 4669 1183 4734 fore
1214 4668 1353 4734 ostendit
1379 4669 1537 4752 quondam
1569 4669 1715 4754 predicto

270 4777 377 4850 Petro,
403 4777 486 4860 patri
518 4776 658 4860 ipsorum
690 4794 847 4846 sororum,
872 4795 932 4860 pro
963 4780 1056 4860 parte
1088 4775 1223 4862 predicti
1255 4775 1450 4850 monasterii,
1483 4783 1648 4862 perpetuo,
1674 4776 1715 4842 ad

270 4884 407 4969 quinque
430 4887 617 4948 tarenorum
642 4901 815 4948 aureorum
839 4882 997 4948 redditum
1022 4884 1195 4954 annuatim,
1217 4904 1275 4968 pro
1301 4902 1339 4948 eo
1365 4882 1449 4967 quod
1472 4889 1617 4969 tempore
1640 4904 1715 4968 pre-

269 4990 352 5056 dicte
374 4990 543 5056 locationis
565 4989 663 5054 fuisse
691 4989 767 5054 dicit
794 4991 953 5055 ruinatam
982 4996 1014 5055 et
1038 4992 1242 5075 reparatione
1270 5011 1335 5055 non
1359 4990 1484 5055 modica
1507 4990 1714 5076 indigentem;

269 5103 300 5163 et
323 5097 480 5163 relectam
505 5103 536 5162 et
560 5102 743 5182 reparatam
767 5096 868 5162 fuisse
893 5097 969 5162 dicit
993 5096 1134 5162 eiusdem
1153 5099 1253 5172 Petri,
1278 5099 1379 5184 patris
1403 5099 1544 5184 ipsorum
1568 5117 1715 5163 sororum

267 5204 442 5289 sumptibus
467 5210 498 5269 et
522 5205 681 5289 expensis.
710 5209 742 5270 et
765 5203 942 5289 predictam
966 5225 1064 5289 super
1080 5206 1303 5270 camminatam
1328 5225 1401 5270 curn
1424 5203 1569 5290 predicto
1586 5204 1715 5269 olibano

268 5316 301 5377 et
323 5312 490 5396 praedicto
511 5319 616 5396 puteo,
642 5311 681 5375 de
706 5331 789 5375 novo
813 5316 1033 5377 constructum
1057 5311 1156 5376 fuisse
1174 5312 1250 5377 dicit
1274 5313 1424 5397 expensis
1447 5310 1603 5396 praedicti
1622 5313 1712 5376 Petri

267 5419 368 5504 patris
391 5419 533 5504 ipsarum
557 5439 716 5483 sororum.
741 5419 783 5482 Et
806 5419 874 5503 ipse
900 5418 1007 5482 Laudo
1032 5421 1169 5484 asseruit
1184 5419 1336 5503 predictis
1360 5417 1524 5484 sororibus
1548 5419 1713 5502 pertinere

269 5529 413 5611 integras
436 5531 508 5591 octo
531 5526 642 5591 uncias
666 5530 698 5590 et
727 5526 856 5590 tertiam
888 5525 928 5589 de
959 5525 1126 5590 duodecim
1157 5528 1259 5591 unciis
1287 5525 1326 5591 de
1358 5525 1486 5611 integra
1514 5529 1606 5592 terra
1637 5545 1712 5592 cum
