4460 6306
604 649 646 716 aia
669 667 914 716 consuerunmr
938 667 1078 715 maome
1102 667 1138 713 nr
1162 666 1311 715 sansana
1642 646 1687 711 79

238 901 302 945 non
326 880 540 965 adimplerent
564 886 595 946 et
618 880 783 966 praedicta
806 880 859 944 vel
884 899 925 944 ex
949 880 995 944 eis
1019 877 1170 963 quidquid
1187 899 1356 944 removere
1379 883 1434 943 aut
1458 879 1685 944 contradicere

239 993 492 1074 praesumerent,
511 1007 705 1073 componere
728 971 794 1074 ipsi
813 986 940 1052 Disideo
964 991 997 1051 et
1020 987 1105 1052 illius
1129 987 1302 1052 heredibus
1317 987 1452 1071 triginta
1474 989 1548 1052 auri
1570 985 1688 1051 solidos

239 1097 523 1174 constantinianos.
551 1096 592 1160 Et
622 1098 707 1161 sicut
729 1097 884 1180 scriptum
909 1100 957 1159 est
979 1093 1202 1179 adimpleatur.
1220 1095 1262 1158 Et
1283 1094 1393 1161 taliter
1415 1093 1472 1160 tibi
1493 1095 1613 1158 Ioanne
1630 1094 1690 1158 No-

239 1204 322 1268 tario
348 1203 492 1275 scribere
516 1204 681 1288 praecepi.
706 1201 821 1289 †Ego
845 1201 898 1286 qui
923 1221 1020 1286 supra
1037 1203 1155 1266 Petrus
1180 1201 1326 1265 ludex.»
1353 1201 1432 1266 Cum
1455 1207 1561 1266 autem
1586 1201 1689 1286 ipsum

240 1311 394 1394 scriptum
418 1315 580 1375 ostensum
603 1315 636 1375 et
659 1309 778 1376 lectum
804 1309 873 1383 tuit,
891 1310 949 1394 ipsi
974 1310 1120 1393 garmani
1136 1308 1298 1372 Mattheus
1323 1314 1355 1373 et
1372 1308 1489 1374 Petrus
1512 1327 1572 1392 pro
1596 1314 1690 1394 parta

240 1437 298 1482 sua
321 1420 355 1483 et
376 1416 540 1500 predictae
565 1417 685 1482 Matris
709 1417 875 1501 genitricis
899 1435 1010 1481 eorum
1035 1421 1068 1480 et
1091 1415 1230 1480 iamdicti
1249 1416 1322 1480 Ursi
1346 1415 1491 1500 germani
1513 1435 1624 1480 eorum
1648 1414 1690 1479 di·

241 1525 386 1590 viserunt
409 1523 518 1590 ambas
540 1523 727 1609 praedictas
750 1525 853 1608 petias
876 1527 1050 1588 terrarum.
1077 1523 1219 1586 Primam
1244 1527 1367 1607 partem
1392 1522 1541 1587 fecerunt
1565 1541 1635 1588 esse
1658 1526 1691 1587 at

241 1637 289 1698 est
311 1631 471 1715 integram
495 1630 672 1716 predictam
701 1631 839 1716 primam
862 1631 979 1714 petiam
1004 1649 1063 1714 per
1087 1628 1269 1714 praedictos
1296 1649 1408 1714 passus
1432 1634 1465 1694 et
1488 1623 1689 1697 mensuram:

241 1757 312 1802 cum
337 1736 482 1802 omnibus
505 1756 588 1822 quae
612 1740 699 1803 intra
724 1757 796 1802 eam
819 1741 904 1810 sunt,
929 1739 1117 1821 cunctisque
1149 1737 1214 1802 suis
1237 1737 1442 1820 pertinentiis
1465 1741 1497 1802 et
1521 1756 1595 1802 cum
1618 1738 1689 1802 vice

242 1845 281 1909 de
297 1845 366 1930 ipsa
380 1845 441 1909 via.
460 1843 639 1910 Secundam
655 1864 735 1910 vero
751 1844 902 1910 fecerunt
926 1864 996 1910 esse
1020 1848 1052 1909 et
1076 1848 1125 1907 est
1147 1843 1307 1928 integram
1324 1842 1502 1929 predictam
1516 1844 1689 1910 secundem

241 1954 358 2038 petiam
383 1971 442 2037 per
457 1951 640 2036 praedictos
656 1971 769 2039 passus
793 1957 824 2016 et
848 1971 1047 2018 mensuram:
1065 1970 1138 2015 cum
1154 1949 1300 2016 omnibus
1316 1970 1399 2036 quae
1414 1953 1502 2017 intra
1518 1971 1589 2017 eam
1605 1956 1689 2026 sunt,

242 2061 427 2143 cunctisque
451 2061 516 2124 suis
540 2061 754 2144 pertinentiis.
775 2061 853 2125 Cum
876 2064 983 2124 autem
1007 2059 1095 2144 ipsae
1111 2063 1222 2143 partes
1238 2058 1345 2123 factae
1360 2058 1501 2130 fuerunt,
1519 2059 1609 2144 prius
1624 2060 1692 2146 ipse

242 2166 429 2240 Gaudiosus,
455 2167 709 2250 periussionem
745 2167 843 2251 ipsius
867 2166 1000 2231 Abbatis
1024 2185 1063 2229 ac
1087 2185 1145 2250 pro
1169 2171 1262 2250 parte
1290 2167 1388 2251 ipsius
1412 2167 1580 2232 Ecclesiae
1604 2186 1692 2232 com·

242 2274 409 2360 prehensit
439 2272 636 2358 praedictam
671 2273 846 2339 secundam
877 2275 995 2358 petiam
1026 2273 1166 2357 qualiter
1196 2273 1345 2358 superius
1374 2272 1462 2341 facta
1485 2280 1542 2340 ast.
1568 2275 1610 2340 Et
1633 2275 1692 2360 ipsi

243 2382 386 2468 germani
412 2381 575 2446 Mattheus
600 2386 631 2446 et
658 2381 775 2446 Petrus
807 2401 865 2466 pro
890 2389 1063 2466 partesue
1086 2383 1119 2446 et
1143 2379 1313 2444 iamdictae
1344 2381 1494 2466 genitrici
1525 2401 1638 2447 eorum
1662 2385 1695 2448 et

244 2487 399 2574 praedicti
424 2489 496 2554 Ursi
521 2489 668 2574 germani
697 2508 809 2552 eorum
832 2489 1150 2573 comprehensaruut
1174 2489 1334 2572 integram
1358 2487 1535 2574 predictam
1558 2491 1693 2574 primam

245 2599 360 2682 petiam
381 2596 521 2680 qualiter
544 2597 691 2680 superius
714 2596 801 2662 facta
825 2600 887 2671 est;
912 2595 952 2660 ad
975 2594 1159 2660 faciendum
1176 2615 1253 2680 pars
1271 2596 1369 2679 ipsius
1387 2595 1554 2661 Ecclesiae
1569 2596 1609 2662 de
1625 2597 1694 2682 ipsa

243 2703 383 2769 secunda
406 2709 497 2788 parte
521 2723 649 2788 semper
672 2703 755 2788 quod
779 2703 928 2769 voluerit.
955 2703 996 2768 Et
1019 2723 1129 2769 omnes
1153 2705 1212 2789 ipsi
1236 2705 1383 2788 germani
1407 2708 1440 2768 et
1464 2703 1613 2770 iamdicta
1637 2725 1689 2791 ge·

245 2812 353 2876 natrix
384 2830 495 2874 eorum
528 2817 560 2875 et
591 2811 720 2876 illorum
751 2810 888 2875 heredes
920 2810 1102 2875 faciendum
1130 2809 1170 2875 de
1202 2809 1368 2897 praedicta
1398 2812 1503 2897 prima
1532 2814 1693 2896 partein

244 2917 471 2984 subscribendo
494 2919 644 2990 termino,
666 2918 749 3002 quod
773 2919 944 2982 voluerint.
964 2917 1016 2983 Sic
1039 2923 1147 2984 tamen
1172 2923 1207 2983 ut
1232 2919 1257 2982 si
1283 2919 1342 3003 ipsi
1367 2919 1513 3004 germani
1529 2905 1693 2985 Mattheus

246 3031 277 3090 et
294 3026 420 3095 Petrus,
445 3029 477 3088 et
501 3023 649 3089 iamdicta
664 3027 806 3110 genitrix
825 3045 947 3098 eorum,
972 3029 1004 3090 et
1027 3024 1078 3089 vel
1103 3044 1146 3090 ex
1162 3045 1201 3089 aa
1215 3025 1359 3091 vendere
1375 3025 1427 3091 vel
1443 3023 1584 3109 quolibet
1599 3025 1693 3092 modo

244 3131 387 3196 alienare
411 3137 627 3216 praesumant,
653 3132 794 3215 quolibet
816 3138 962 3217 tempore
988 3151 1051 3197 non
1076 3131 1219 3197 habeant
1249 3136 1438 3219 potestatem
1464 3131 1550 3198 illam
1574 3133 1626 3198 val
1651 3153 1694 3200 ex

246 3259 285 3304 ea
307 3239 403 3303 alicui
426 3238 521 3304 altari
545 3238 687 3304 vendere
711 3241 762 3304 vel
788 3239 929 3324 quolibet
953 3239 1046 3304 mode
1063 3241 1219 3310 alienare,
1239 3241 1299 3305 nisi
1324 3241 1406 3324 parti
1430 3241 1529 3325 ipsius
1545 3241 1694 3307 Ecclesia

244 3345 321 3411 illud
346 3347 487 3410 vendant
510 3352 543 3412 et
565 3345 651 3419 dent,
677 3349 800 3430 praetio
824 3347 907 3431 quod
932 3368 990 3433 per
1013 3347 1124 3412 doctos
1147 3348 1304 3420 homines,
1322 3366 1433 3412 rerum
1456 3347 1616 3414 stabilium
1640 3369 1693 3435 ap·

245 3455 447 3539 predatores,
481 3454 562 3517 iuste
594 3453 692 3518 fuerit
722 3455 946 3539 appretiatum,
979 3455 1004 3519 si
1037 3474 1112 3540 pars
1146 3455 1248 3538 ipsius
1279 3454 1446 3520 Ecclesiae
1477 3454 1555 3521 illud
1586 3475 1695 3522 emero

242 3561 390 3625 voluerit.
417 3561 459 3626 Et
482 3579 593 3624 omnes
617 3561 675 3645 ipsi
700 3563 845 3645 germani
871 3566 902 3625 et
926 3560 1077 3626 iamdicta
1108 3563 1260 3647 genetrix
1284 3561 1414 3627 illorum
1439 3571 1607 3629 eteorum
1631 3562 1691 3628 he-

243 3667 338 3732 redes
361 3673 393 3732 et
416 3687 491 3751 pars
516 3668 612 3752 ipsius
638 3668 804 3732 Ecclesiae
832 3669 939 3733 omnia
963 3667 1080 3733 exinde
1104 3668 1226 3732 faciant
1249 3673 1282 3734 et
1306 3667 1503 3753 adimpleant
1533 3671 1618 3737 sicut
1638 3670 1695 3736 lex

244 3778 276 3839 et
298 3773 495 3841 consuetudo
527 3781 575 3838 est
607 3776 695 3840 istius
726 3776 865 3842 civitatis
888 3775 927 3839 de
950 3775 1120 3861 obbligatis
1151 3780 1183 3840 et
1212 3777 1366 3862 thingatis
1398 3776 1495 3843 rebus
1526 3778 1637 3844 lacere
1661 3783 1694 3844 et

243 3879 429 3965 adimplere.
456 3882 497 3946 Et
520 3901 579 3966 per
602 3883 859 3946 convenientiam
884 3883 942 3967 ipsi
967 3884 1114 3968 germani
1132 3884 1295 3948 Mattheus
1319 3888 1352 3949 et
1376 3885 1494 3950 Petrus
1517 3905 1577 3970 pro
1601 3890 1695 3972 parte

244 4007 302 4052 sua
325 3994 358 4052 et
379 3986 564 4072 praedictae
597 3990 708 4053 matris
732 3990 898 4074 genitricis
930 4009 1054 4062 eorum,
1078 3996 1110 4055 et
1133 3990 1273 4056 iamdicti
1298 3991 1372 4056 Ursi
1405 3993 1551 4076 germani
1582 4011 1695 4059 eorum

246 4095 393 4179 guadiam
410 4095 466 4179 ipsi
485 4095 653 4166 Gaudioso,
670 4115 729 4180 pro
753 4101 845 4180 parte
863 4096 1048 4180 praedictae
1066 4098 1233 4163 Ecclesiae
1249 4096 1410 4165 dederunt
1428 4104 1460 4164 et
1476 4097 1696 4166 fideiussorem

247 4202 274 4265 ai
299 4209 476 4286 posuerunt
499 4202 685 4268 Salestrium
710 4208 882 4288 cognatum
906 4219 1026 4277 eorum,
1048 4203 1147 4270 filium
1172 4225 1201 4290 q.
1220 4207 1351 4276 Marini,
1377 4211 1410 4271 et
1425 4205 1590 4272 Andream
1614 4208 1697 4272 simi-

245 4307 321 4373 liter
344 4314 514 4394 cognatum
539 4329 659 4380 eorum,
677 4309 777 4375 filium
801 4331 829 4395 q.
851 4313 938 4376 Petri
962 4313 1015 4396 qui
1040 4312 1143 4379 dictus
1168 4319 1216 4378 est
1243 4312 1283 4377 de
1306 4313 1459 4379 tannaco.
1479 4315 1521 4378 Et
1543 4335 1602 4400 pro
1626 4316 1696 4401 ipsa

247 4414 363 4500 guadia
394 4417 452 4500 ipsi
484 4417 630 4501 germani
656 4417 817 4483 Mattheus
848 4423 881 4482 et
906 4420 1022 4484 Petrus
1053 4419 1309 4505 obbligaverunt
1337 4441 1371 4485 se
1399 4427 1431 4486 et
1454 4441 1528 4486 suos
1558 4421 1696 4488 heredes

247 4541 374 4608 semper
404 4520 540 4587 firmiter
570 4543 762 4608 permanere
793 4545 865 4590 cum
896 4525 1040 4609 partibus
1069 4527 1255 4612 praedictae
1286 4528 1452 4592 Ecclesiae
1475 4529 1508 4593 in
1531 4528 1698 4614 praedicta

248 4628 411 4703 divisione,
437 4636 469 4695 et
491 4631 524 4694 in
547 4630 692 4696 omnibus
716 4631 887 4715 praedictis
904 4632 1042 4716 qualiter
1057 4653 1155 4718 supra
1170 4633 1329 4720 leguntur
1352 4631 1489 4700 firmiter
1504 4655 1696 4720 permanere

247 4736 367 4801 facere.
394 4738 485 4803 Etsi
510 4738 540 4800 in
565 4736 730 4822 praedicte
753 4737 909 4803 divisione
933 4746 964 4804 at
987 4742 1020 4804 in
1044 4740 1189 4806 omnibus
1221 4742 1398 4826 praedictis
1430 4741 1568 4827 qualiter
1598 4763 1697 4828 supra

245 4843 399 4930 leguntur
429 4845 486 4927 ipsi
520 4828 664 4929 germani
691 4845 852 4910 Mattheus
875 4851 908 4910 et
933 4847 1053 4912 Petrus
1080 4852 1247 4913 eteorum
1278 4847 1417 4914 heredes
1447 4868 1520 4913 cum
1551 4848 1696 4934 partibus

247 4950 431 5036 praedictae
457 4950 621 5015 Ecclesiae
652 4971 781 5036 semper
811 4949 949 5019 firmiter
974 4973 1039 5018 non
1062 4955 1310 5038 permanserint,
1336 4961 1368 5019 et
1390 4954 1573 5038 iamdictam
1603 4957 1695 5041 gani·

248 5058 363 5121 tricem
387 5062 420 5121 et
442 5077 632 5142 germanum
657 5078 767 5123 eorum
792 5064 824 5122 et
847 5059 976 5123 illorum
1000 5060 1141 5125 heredes
1166 5081 1238 5125 cum
1263 5061 1407 5146 partibus
1430 5061 1614 5148 praedictae
1638 5063 1697 5128 Ec·

247 5162 365 5230 clasiae
382 5163 414 5226 iu
431 5163 597 5248 praedicta
613 5164 769 5230 divisione
793 5171 825 5230 et
849 5167 880 5229 in
905 5165 1052 5232 munibus
1069 5167 1242 5253 praedictis
1258 5168 1398 5252 qualiter
1414 5187 1512 5254 supra
1528 5168 1692 5254 leguntur,

245 5289 375 5355 semper
398 5268 535 5336 firmiter
550 5291 743 5356 parmanere
760 5291 824 5336 non
842 5273 971 5346 fuerint,
998 5279 1030 5338 et
1053 5275 1219 5360 praedicta
1235 5276 1289 5340 vel
1313 5295 1355 5340 ax
1379 5276 1425 5339 eis
1449 5273 1620 5360 quidquam
1644 5295 1694 5341 re

247 5397 378 5442 movere
402 5383 457 5443 aut
480 5378 704 5444 contradicere
728 5381 1011 5465 praesumpserint,
1037 5383 1221 5468 peripsam
1245 5383 1393 5468 guadiam
1409 5382 1636 5468 obligaverunt
1659 5401 1695 5448 se

247 5491 280 5552 et
302 5505 376 5550 suos
398 5483 545 5558 heredes,
563 5505 756 5572 componere
780 5487 924 5572 partibus
946 5488 1134 5576 praedictae
1151 5490 1318 5556 Ecclesiae
1343 5491 1368 5556 L
1391 5491 1462 5556 auri
1479 5489 1596 5558 solidos
1620 5510 1695 5556 con·
