4460 6306
495 661 539 726 80
1023 664 1406 729 movenarsemunnnn

492 896 717 972 stantinianos;
742 901 773 962 et
796 897 829 960 in
853 894 1018 981 praedicta
1042 894 1197 959 divisione
1220 898 1253 959 et
1274 895 1307 958 in
1332 892 1477 959 omnibus
1493 893 1668 978 praedictis
1685 891 1826 977 qualiter
1842 909 1940 976 supra

492 1002 656 1089 leguntur.
682 1025 754 1069 cum
778 1003 923 1088 partibus
954 1003 1139 1088 praedictae
1164 1002 1330 1067 Ecclesiae
1353 1021 1482 1086 semper
1512 999 1650 1066 firmiter
1679 1019 1885 1085 permanere,
1910 1003 1943 1066 et

491 1109 688 1195 praedictam
706 1111 900 1196 genitricem
916 1129 1027 1176 eorum
1044 1115 1077 1174 et
1092 1109 1276 1175 iamdictum
1294 1109 1410 1174 Ursum
1427 1127 1616 1194 germanum
1634 1127 1747 1172 eorum
1767 1112 1800 1172 et
1815 1105 1942 1172 illorum

490 1218 630 1284 heredes
653 1237 845 1303 permanere
869 1219 989 1283 facere.
1018 1219 1058 1282 Et
1080 1217 1190 1283 taliter
1213 1217 1270 1284 tibi
1295 1216 1503 1304 Truppoaldo
1527 1217 1652 1282 notario
1676 1213 1823 1280 scribere
1846 1231 1941 1298 prae-

493 1326 573 1410 cepi.
599 1326 784 1398 Memorans
806 1344 900 1409 quam
924 1335 1035 1389 omnes
1060 1324 1217 1409 praedicti
1241 1327 1388 1410 germani
1411 1329 1486 1390 sunt
1509 1322 1647 1388 censiles
1671 1323 1733 1386 mei
1758 1325 1790 1386 et
1814 1339 1940 1406 germa-

491 1452 606 1496 norum
622 1451 777 1498 meorum:
795 1438 827 1496 et
850 1433 884 1496 in
908 1431 1075 1516 praedicta
1092 1432 1240 1496 Ecclesia
1264 1439 1296 1496 et
1319 1434 1351 1496 in
1377 1431 1523 1497 omnibus
1541 1429 1637 1495 rebus
1660 1430 1689 1494 ei
1706 1425 1940 1514 pertinentibus

492 1559 552 1624 ego
577 1547 609 1606 et
631 1539 788 1624 praedicti
821 1541 966 1626 germani
997 1541 1059 1604 mei
1091 1541 1242 1606 extranei
1266 1560 1384 1604 sumus.
1410 1539 1440 1627 †
1463 1540 1533 1624 Ego
1557 1538 1610 1622 qui
1634 1556 1733 1622 supra
1758 1533 1939 1601 Robbertus

496 1646 755 1842 modernae
778 1754 871 1820 derra
893 1753 1007 1819 raon
1030 1753 1066 1818 ca
1093 1753 1194 1820 aava.
1219 1753 1309 1818 Arca
1332 1753 1459 1826 xxiv,
1484 1771 1515 1816 n·
1541 1748 1612 1836 30]-

1117 2097 1120 2104 ·
1170 2074 1263 2140 XVI.

579 2290 617 2354 ln
641 2290 769 2354 nomine
793 2289 845 2354 dili
870 2289 921 2354 dei
952 2291 1077 2354 aeterni
1109 2295 1141 2355 et
1171 2290 1342 2356 salvatoris
1367 2291 1470 2356 nostri
1504 2289 1595 2354 ihesu
1623 2288 1747 2353 christi.
1780 2288 1876 2353 Anno
1899 2285 1939 2352 ab

493 2397 715 2461 incarnatione
739 2397 807 2461 eius
834 2396 928 2461 1169.
954 2401 986 2461 et
1012 2397 1059 2462 lV
1075 2415 1161 2460 anno
1179 2398 1270 2482 regni
1288 2396 1341 2460 dni
1359 2398 1460 2462 nostri
1478 2395 1639 2462 Guilielmi
1659 2395 1767 2461 Sicilie
1799 2400 1831 2460 et
1847 2393 1939 2460 Italic

493 2503 713 2590 gloriosissimi
737 2505 825 2588 regis
848 2523 959 2568 mense
982 2503 1173 2588 septembris
1207 2505 1254 2568 ΙΙΙ
1288 2503 1484 2568 indictionis.
1517 2505 1604 2569 Ante
1634 2523 1686 2567 me
1718 2501 1939 2568 Alexandrum

495 2611 635 2676 Iudicem
661 2612 695 2675 Ι).
720 2609 884 2678 Mattheus
907 2612 960 2696 qui
985 2610 1102 2676 dicitur
1127 2611 1286 2676 Bulaurus
1306 2595 1375 2675 ¹una
1399 2631 1472 2675 cum
1504 2611 1566 2675 dito
1593 2609 1748 2674 leonardo
1775 2607 1841 2674 filio
1871 2627 1962 2681 suos

493 2719 655 2784 coniuncti
678 2723 753 2784 sunt
776 2737 848 2782 cum
872 2719 984 2782 Marco
1010 2717 1119 2782 Iudice
1150 2715 1216 2782 filio
1247 2737 1276 2800 q.
1312 2718 1468 2802 lobannis
1493 2767 1556 2781 ......
1581 2716 1738 2785 habitanti
1763 2715 1802 2781 de
1826 2717 1939 2784 Oasale

493 2827 553 2892 scti
577 2874 686 2890 ..........
709 2825 912 2910 pertinentiis
936 2823 1056 2890 cilenti.
1082 2825 1124 2891 Et
1147 2826 1206 2909 ipsi
1231 2823 1312 2890 dhus
1336 2825 1499 2890 Mattheus
1523 2829 1555 2889 et
1578 2824 1659 2890 dilus
1681 2823 1857 2889 leonardus
1872 2824 1938 2889 cla·

493 2930 704 2998 rificaverunt
726 2950 760 2997 se
783 2932 953 3016 percipere
978 2980 1770 3004 .....................................................................
1789 2950 1848 3016 per
1871 2950 1938 2996 em·

493 3041 633 3127 ptionem
665 3039 784 3106 iactam
814 3043 922 3103 terras
952 3058 1025 3104 oum
1054 3038 1224 3103 arboribus
1258 3040 1292 3103 in
1323 3039 1525 3123 pertinentiis
1555 3037 1666 3104 cilenti
1689 3037 1742 3103 ubi
1770 3039 1869 3123 planu
1899 3037 1939 3102 de

493 3148 622 3213 azarolo
645 3147 770 3212 dicitur.
796 3165 817 3211 a
839 3143 956 3211 finibus
980 3166 1089 3211 rerum
1113 3145 1152 3211 de
1176 3152 1288 3212 sanct>
1313 3193 1420 3210 ..........
1445 3145 1534 3210 vadit
1564 3147 1597 3211 in
1619 3145 1748 3211 ballone
1776 3144 1859 3230 quod
1890 3144 1939 3210 di·

494 3257 579 3321 citur
602 3255 642 3320 de
665 3255 822 3320 canniclo.
848 3257 881 3320 et
903 3251 1166 3321 clarificaverunt
1190 3303 1352 3320 ...............
1377 3259 1485 3318 terras
1508 3274 1581 3319 oum
1606 3303 1691 3317 ........
1717 3255 1808 3319 iuxta
1836 3254 1939 3339 ipsum

492 3361 623 3447 planum
647 3381 746 3446 usque
770 3362 802 3424 in
826 3380 920 3425 serra
942 3379 1024 3444 quae
1040 3359 1157 3426 dicitur
1180 3360 1220 3425 de
1245 3410 1386 3424 .............
1404 3359 1443 3425 ab
1460 3343 1718 3445 aquapendente
1735 3361 1832 3445 ipsius
1848 3379 1940 3424 serre

494 3488 594 3553 usque
617 3470 650 3532 in
674 3486 763 3532 mare
789 3517 951 3532 ...............
976 3467 1047 3532 dnis
1063 3468 1182 3552 placuit
1197 3488 1308 3533 eorum
1325 3467 1408 3532 bona
1424 3467 1588 3533 voluntate
1606 3487 1665 3552 per
1680 3468 1939 3533 convenientiam

493 3595 553 3661 per
576 3575 661 3640 hanc
684 3573 833 3639 videlicet
856 3573 1037 3638 chartulam
1060 3573 1264 3641 tradiderunt
1286 3575 1346 3658 ipsi
1362 3575 1474 3638 Marco
1498 3574 1593 3639 iudici
1617 3573 1817 3660 supradictas
1833 3579 1940 3640 terras

495 3687 527 3748 et
550 3701 661 3746 omnes
683 3687 790 3746 terras
806 3699 886 3764 quas
902 3701 987 3746 nunc
1004 3683 1035 3744 in
1053 3681 1121 3766 ipso
1136 3681 1208 3746 loco
1223 3682 1343 3746 azaroli
1367 3687 1480 3746 tenere
1504 3668 1705 3746 videbantur.
1723 3682 1755 3745 in
1772 3679 1902 3768 [ordine
1911 3679 1939 3763 l]

494 3789 711 3875 thingationis,
737 3807 756 3852 a
779 3787 871 3852 modo
895 3787 935 3852 ad
959 3807 1060 3854 annos
1087 3794 1238 3872 quattuor
1269 3809 1341 3854 cum
1373 3788 1518 3854 omnibus
1548 3809 1630 3873 quae
1661 3790 1747 3855 intro
1779 3807 1834 3854 eas
1864 3794 1940 3855 sunt

495 3887 682 3980 cunctisque
706 3897 771 3961 suis
794 3896 997 3980 pertinentiis
1020 3900 1053 3960 et
1076 3916 1148 3961 cum
1172 3897 1244 3960 vice
1267 3896 1307 3961 de
1330 3897 1390 3961 viis
1407 3902 1439 3961 et
1454 3897 1545 3980 aquis
1568 3897 1642 3966 suis.
1666 3902 1800 3982 praeter
1814 3901 1938 3962 terram

493 4022 589 4068 unam
614 4021 695 4086 quae
719 4003 838 4068 dicitur
860 4002 900 4066 de
924 4001 1085 4073 anselmo,¹
1102 4003 1184 4087 quod
1209 4007 1259 4070 est
1280 4004 1313 4066 in
1336 4005 1404 4088 ipso
1428 4001 1525 4088 planu
1550 4053 1657 4068 ..........
1675 4009 1807 4088 praeter
1823 4005 1849 4069 si
1865 4023 1939 4088 quo

493 4110 571 4176 libet
593 4109 754 4195 pheudum
776 4108 873 4174 alicui
897 4109 1033 4174 hominis
1056 4109 1295 4194 praedictorum
1318 4109 1454 4175 dirorum
1478 4111 1510 4174 iu
1527 4129 1588 4194 quo
1612 4111 1750 4196 vectigal
1767 4112 1938 4197 percipere

494 4217 641 4284 videatur
665 4263 827 4289 ...............
853 4217 895 4281 Et
918 4223 1051 4302 propter
1074 4214 1348 4282 confirmationem
1372 4219 1471 4303 ipsius
1502 4219 1731 4304 atbingationis
1765 4220 1834 4304 ipse
1857 4219 1937 4284 dhus

494 4325 654 4392 mattheus
677 4328 710 4391 et
732 4323 812 4389 dilus
834 4322 1009 4390 leonardus
1033 4329 1227 4410 receperunt
1250 4324 1289 4389 ab
1313 4325 1382 4410 ipso
1399 4326 1510 4389 Marco
1537 4325 1645 4391 Iudice
1670 4327 1781 4391 uncias
1800 4327 1872 4392 auri
1888 4327 1938 4392 Xl

494 4437 527 4498 et
549 4433 649 4498 XXX
671 4436 858 4496 tarenorum
883 4431 993 4496 sicilie.
1020 4432 1068 4495 Ea
1092 4433 1216 4496 ratione
1248 4437 1283 4496 ut
1305 4432 1418 4496 amodo
1443 4432 1484 4496 ad
1508 4433 1592 4517 ipsos
1615 4453 1716 4498 annos
1739 4431 1939 4498 numerando

495 4540 581 4624 ipsae
604 4543 714 4605 terrae
738 4539 820 4604 sicut
843 4538 876 4602 in
899 4542 1057 4622 potestate
1080 4539 1179 4623 ipsius
1202 4538 1315 4603 iudicis
1338 4541 1406 4604 sive
1437 4560 1567 4604 suorum
1592 4539 1747 4605 heredum
1772 4540 1825 4606 vel
1853 4541 1937 4605 illius

493 4647 544 4712 cui
568 4646 631 4711 hoc
653 4647 808 4729 scriptum
832 4664 891 4729 pro
914 4645 985 4709 vice
1009 4645 1106 4728 ipsius
1130 4644 1244 4710 iudicis
1267 4647 1300 4711 in
1322 4653 1420 4710 lnanu
1444 4649 1598 4731 paruerit,
1624 4646 1663 4711 ad
1688 4646 1870 4713 iaciendum
1899 4646 1938 4712 de

494 4748 697 4840 usu[iructu]
733 4753 872 4836 ipsarum
904 4757 1067 4818 terrerum
1099 4771 1193 4816 omne
1225 4751 1308 4835 quod
1344 4752 1513 4817 voluerint.
1548 4753 1720 4839 Completis
1755 4773 1834 4818 vero
1862 4754 1938 4839 ipsis

493 4865 630 4944 quatuor
652 4859 748 4922 annis
771 4859 798 4922 si
822 4859 880 4944 ipsi
905 4857 957 4923 dili
982 4863 1037 4922 aut
1060 4859 1202 4943 ipsorum
1225 4859 1363 4923 heredes
1388 4859 1585 4925 reddiderint
1616 4862 1700 4945 ipsas
1724 4861 1835 4925 uncias
1866 4861 1938 4926 auri

493 4966 658 5053 praedicto
683 4965 783 5030 ludici
808 4970 863 5030 aut
885 4966 985 5050 ipsius
1008 4964 1180 5029 heredibus
1204 4965 1257 5030 vel
1280 4968 1332 5030 cui
1357 4966 1419 5030 hoo
1442 4968 1596 5052 scriptum
1619 4972 1654 5032 ut
1682 4967 1801 5032 dictum
1826 4972 1874 5032 est
1903 4967 1938 5032 in

493 5091 589 5140 manu
612 5070 789 5160 parue[rit]
813 5079 890 5138 tunc
913 5071 1118 5157 supradictae
1141 5078 1250 5137 terrae
1274 5074 1465 5157 perveniant
1488 5075 1520 5138 in
1545 5078 1702 5160 potestate
1726 5075 1866 5160 ipsorum
1886 5073 1939 5139 do·

493 5183 652 5246 minorum
676 5182 744 5245 sive
767 5199 898 5244 suorum
923 5178 1088 5244 heredum.
1114 5177 1255 5252 Quodsi
1279 5180 1312 5243 in
1337 5180 1502 5266 completis
1522 5182 1598 5266 ipsis
1622 5183 1714 5247 annis
1738 5181 1939 5267 supradictas

494 5289 603 5354 uncias
627 5287 764 5352 reddere
787 5286 951 5351 noluerint
972 5286 1025 5351 vel
1049 5285 1134 5351 forte
1157 5305 1222 5350 non
1246 5289 1409 5371 potuerint
1432 5292 1508 5354 tunc
1525 5288 1623 5354 liceat
1638 5290 1697 5374 ipsi
1715 5290 1827 5354 Marco
1843 5287 1938 5353 iudici

493 5394 546 5461 vel
568 5395 655 5462 illius
678 5392 852 5459 heredibus
875 5393 927 5458 vel
952 5394 1002 5459 cui
1026 5393 1089 5457 hoc
1112 5390 1298 5479 [scriptum]
1324 5399 1359 5459 ut
1381 5393 1500 5461 dictum
1530 5402 1579 5461 est
1609 5397 1643 5460 in
1670 5414 1767 5461 manu
1789 5394 1940 5482 paruerit

493 5503 579 5589 ipsas
601 5507 709 5568 terras
731 5501 765 5568 in
787 5505 884 5570 antea
898 5503 1012 5568 tenere
1028 5505 1061 5565 et
1076 5519 1275 5584 quocumque
1296 5507 1451 5587 tempore,
1469 5501 1575 5567 lrudio
1599 5502 1782 5576 recollecto,
1799 5501 1936 5588 predicti
